%YAML 1.1
%TAG !u! tag:unity3d.com,2011:
--- !u!29 &1
OcclusionCullingSettings:
  m_ObjectHideFlags: 0
  serializedVersion: 2
  m_OcclusionBakeSettings:
    smallestOccluder: 5
    smallestHole: 0.25
    backfaceThreshold: 100
  m_SceneGUID: 00000000000000000000000000000000
  m_OcclusionCullingData: {fileID: 0}
--- !u!104 &2
RenderSettings:
  m_ObjectHideFlags: 0
  serializedVersion: 9
  m_Fog: 1
  m_FogColor: {r: 0.9716981, g: 0.4995995, b: 0.9445955, a: 1}
  m_FogMode: 3
  m_FogDensity: 0.01
  m_LinearFogStart: 0
  m_LinearFogEnd: 300
  m_AmbientSkyColor: {r: 0.212, g: 0.227, b: 0.259, a: 1}
  m_AmbientEquatorColor: {r: 0.114, g: 0.125, b: 0.133, a: 1}
  m_AmbientGroundColor: {r: 0.047, g: 0.043, b: 0.035, a: 1}
  m_AmbientIntensity: 1
  m_AmbientMode: 0
  m_SubtractiveShadowColor: {r: 0.42, g: 0.478, b: 0.627, a: 1}
  m_SkyboxMaterial: {fileID: 10304, guid: 0000000000000000f000000000000000, type: 0}
  m_HaloStrength: 0.5
  m_FlareStrength: 1
  m_FlareFadeSpeed: 3
  m_HaloTexture: {fileID: 0}
  m_SpotCookie: {fileID: 10001, guid: 0000000000000000e000000000000000, type: 0}
  m_DefaultReflectionMode: 0
  m_DefaultReflectionResolution: 128
  m_ReflectionBounces: 1
  m_ReflectionIntensity: 1
  m_CustomReflection: {fileID: 0}
  m_Sun: {fileID: 0}
  m_IndirectSpecularColor: {r: 0, g: 0, b: 0, a: 1}
  m_UseRadianceAmbientProbe: 0
--- !u!157 &3
LightmapSettings:
  m_ObjectHideFlags: 0
  serializedVersion: 11
  m_GIWorkflowMode: 1
  m_GISettings:
    serializedVersion: 2
    m_BounceScale: 1
    m_IndirectOutputScale: 1
    m_AlbedoBoost: 1
    m_EnvironmentLightingMode: 0
    m_EnableBakedLightmaps: 1
    m_EnableRealtimeLightmaps: 0
  m_LightmapEditorSettings:
    serializedVersion: 12
    m_Resolution: 2
    m_BakeResolution: 40
    m_AtlasSize: 1024
    m_AO: 0
    m_AOMaxDistance: 1
    m_CompAOExponent: 1
    m_CompAOExponentDirect: 0
    m_ExtractAmbientOcclusion: 0
    m_Padding: 2
    m_LightmapParameters: {fileID: 0}
    m_LightmapsBakeMode: 1
    m_TextureCompression: 1
    m_FinalGather: 0
    m_FinalGatherFiltering: 1
    m_FinalGatherRayCount: 256
    m_ReflectionCompression: 2
    m_MixedBakeMode: 2
    m_BakeBackend: 1
    m_PVRSampling: 1
    m_PVRDirectSampleCount: 32
    m_PVRSampleCount: 512
    m_PVRBounces: 2
    m_PVREnvironmentSampleCount: 256
    m_PVREnvironmentReferencePointCount: 2048
    m_PVRFilteringMode: 1
    m_PVRDenoiserTypeDirect: 1
    m_PVRDenoiserTypeIndirect: 1
    m_PVRDenoiserTypeAO: 1
    m_PVRFilterTypeDirect: 0
    m_PVRFilterTypeIndirect: 0
    m_PVRFilterTypeAO: 0
    m_PVREnvironmentMIS: 1
    m_PVRCulling: 1
    m_PVRFilteringGaussRadiusDirect: 1
    m_PVRFilteringGaussRadiusIndirect: 5
    m_PVRFilteringGaussRadiusAO: 2
    m_PVRFilteringAtrousPositionSigmaDirect: 0.5
    m_PVRFilteringAtrousPositionSigmaIndirect: 2
    m_PVRFilteringAtrousPositionSigmaAO: 1
    m_ExportTrainingData: 0
    m_TrainingDataDestination: TrainingData
    m_LightProbeSampleCountMultiplier: 4
  m_LightingDataAsset: {fileID: 0}
  m_UseShadowmask: 1
--- !u!196 &4
NavMeshSettings:
  serializedVersion: 2
  m_ObjectHideFlags: 0
  m_BuildSettings:
    serializedVersion: 2
    agentTypeID: 0
    agentRadius: 0.5
    agentHeight: 2
    agentSlope: 45
    agentClimb: 0.4
    ledgeDropHeight: 0
    maxJumpAcrossDistance: 0
    minRegionArea: 2
    manualCellSize: 0
    cellSize: 0.16666667
    manualTileSize: 0
    tileSize: 256
    accuratePlacement: 0
    debug:
      m_Flags: 0
  m_NavMeshData: {fileID: 0}
--- !u!4 &66537915 stripped
Transform:
  m_CorrespondingSourceObject: {fileID: -4216859302048453862, guid: 977c8ba4a02210f49836d43f062991ed,
    type: 3}
  m_PrefabInstance: {fileID: 1173672426}
  m_PrefabAsset: {fileID: 0}
--- !u!1001 &69877110
PrefabInstance:
  m_ObjectHideFlags: 0
  serializedVersion: 2
  m_Modification:
    m_TransformParent: {fileID: 0}
    m_Modifications:
    - target: {fileID: -4216859302048453862, guid: f84e386d40c4e6640844ff33b88a07fe,
        type: 3}
      propertyPath: m_LocalPosition.x
      value: -11.3
      objectReference: {fileID: 0}
    - target: {fileID: -4216859302048453862, guid: f84e386d40c4e6640844ff33b88a07fe,
        type: 3}
      propertyPath: m_LocalPosition.y
      value: -0.23490544
      objectReference: {fileID: 0}
    - target: {fileID: -4216859302048453862, guid: f84e386d40c4e6640844ff33b88a07fe,
        type: 3}
      propertyPath: m_LocalPosition.z
      value: 28.81
      objectReference: {fileID: 0}
    - target: {fileID: -4216859302048453862, guid: f84e386d40c4e6640844ff33b88a07fe,
        type: 3}
      propertyPath: m_LocalRotation.x
      value: 0
      objectReference: {fileID: 0}
    - target: {fileID: -4216859302048453862, guid: f84e386d40c4e6640844ff33b88a07fe,
        type: 3}
      propertyPath: m_LocalRotation.y
      value: 0
      objectReference: {fileID: 0}
    - target: {fileID: -4216859302048453862, guid: f84e386d40c4e6640844ff33b88a07fe,
        type: 3}
      propertyPath: m_LocalRotation.z
      value: 0
      objectReference: {fileID: 0}
    - target: {fileID: -4216859302048453862, guid: f84e386d40c4e6640844ff33b88a07fe,
        type: 3}
      propertyPath: m_LocalRotation.w
      value: 1
      objectReference: {fileID: 0}
    - target: {fileID: -4216859302048453862, guid: f84e386d40c4e6640844ff33b88a07fe,
        type: 3}
      propertyPath: m_RootOrder
      value: 11
      objectReference: {fileID: 0}
    - target: {fileID: -4216859302048453862, guid: f84e386d40c4e6640844ff33b88a07fe,
        type: 3}
      propertyPath: m_LocalEulerAnglesHint.x
      value: 0
      objectReference: {fileID: 0}
    - target: {fileID: -4216859302048453862, guid: f84e386d40c4e6640844ff33b88a07fe,
        type: 3}
      propertyPath: m_LocalEulerAnglesHint.y
      value: 0
      objectReference: {fileID: 0}
    - target: {fileID: -4216859302048453862, guid: f84e386d40c4e6640844ff33b88a07fe,
        type: 3}
      propertyPath: m_LocalEulerAnglesHint.z
      value: 0
      objectReference: {fileID: 0}
    - target: {fileID: -927199367670048503, guid: f84e386d40c4e6640844ff33b88a07fe,
        type: 3}
      propertyPath: m_Name
      value: tree1 (1)
      objectReference: {fileID: 0}
    m_RemovedComponents: []
  m_SourcePrefab: {fileID: 100100000, guid: f84e386d40c4e6640844ff33b88a07fe, type: 3}
--- !u!1001 &74119852
PrefabInstance:
  m_ObjectHideFlags: 0
  serializedVersion: 2
  m_Modification:
    m_TransformParent: {fileID: 0}
    m_Modifications:
    - target: {fileID: -4216859302048453862, guid: 977c8ba4a02210f49836d43f062991ed,
        type: 3}
      propertyPath: m_LocalPosition.x
      value: 21.90906
      objectReference: {fileID: 0}
    - target: {fileID: -4216859302048453862, guid: 977c8ba4a02210f49836d43f062991ed,
        type: 3}
      propertyPath: m_LocalPosition.y
      value: -0.26000023
      objectReference: {fileID: 0}
    - target: {fileID: -4216859302048453862, guid: 977c8ba4a02210f49836d43f062991ed,
        type: 3}
      propertyPath: m_LocalPosition.z
      value: 17.276417
      objectReference: {fileID: 0}
    - target: {fileID: -4216859302048453862, guid: 977c8ba4a02210f49836d43f062991ed,
        type: 3}
      propertyPath: m_LocalRotation.x
      value: -0
      objectReference: {fileID: 0}
    - target: {fileID: -4216859302048453862, guid: 977c8ba4a02210f49836d43f062991ed,
        type: 3}
      propertyPath: m_LocalRotation.y
      value: -0.97092956
      objectReference: {fileID: 0}
    - target: {fileID: -4216859302048453862, guid: 977c8ba4a02210f49836d43f062991ed,
        type: 3}
      propertyPath: m_LocalRotation.z
      value: -0
      objectReference: {fileID: 0}
    - target: {fileID: -4216859302048453862, guid: 977c8ba4a02210f49836d43f062991ed,
        type: 3}
      propertyPath: m_LocalRotation.w
      value: -0.2393655
      objectReference: {fileID: 0}
    - target: {fileID: -4216859302048453862, guid: 977c8ba4a02210f49836d43f062991ed,
        type: 3}
      propertyPath: m_RootOrder
      value: 2
      objectReference: {fileID: 0}
    - target: {fileID: -4216859302048453862, guid: 977c8ba4a02210f49836d43f062991ed,
        type: 3}
      propertyPath: m_LocalEulerAnglesHint.x
      value: 0
      objectReference: {fileID: 0}
    - target: {fileID: -4216859302048453862, guid: 977c8ba4a02210f49836d43f062991ed,
        type: 3}
      propertyPath: m_LocalEulerAnglesHint.y
      value: -207.698
      objectReference: {fileID: 0}
    - target: {fileID: -4216859302048453862, guid: 977c8ba4a02210f49836d43f062991ed,
        type: 3}
      propertyPath: m_LocalEulerAnglesHint.z
      value: 0
      objectReference: {fileID: 0}
    - target: {fileID: -927199367670048503, guid: 977c8ba4a02210f49836d43f062991ed,
        type: 3}
      propertyPath: m_Name
      value: tree2 (7)
      objectReference: {fileID: 0}
    m_RemovedComponents: []
  m_SourcePrefab: {fileID: 100100000, guid: 977c8ba4a02210f49836d43f062991ed, type: 3}
--- !u!1001 &191781245
PrefabInstance:
  m_ObjectHideFlags: 0
  serializedVersion: 2
  m_Modification:
    m_TransformParent: {fileID: 0}
    m_Modifications:
    - target: {fileID: 5901779509089146167, guid: 9d66b7a4603cb784697543c253d1ef8d,
        type: 3}
      propertyPath: m_LocalPosition.x
      value: 11.14
      objectReference: {fileID: 0}
    - target: {fileID: 5901779509089146167, guid: 9d66b7a4603cb784697543c253d1ef8d,
        type: 3}
      propertyPath: m_LocalPosition.y
      value: 0.003148079
      objectReference: {fileID: 0}
    - target: {fileID: 5901779509089146167, guid: 9d66b7a4603cb784697543c253d1ef8d,
        type: 3}
      propertyPath: m_LocalPosition.z
      value: -9.74
      objectReference: {fileID: 0}
    - target: {fileID: 5901779509089146167, guid: 9d66b7a4603cb784697543c253d1ef8d,
        type: 3}
      propertyPath: m_LocalRotation.x
      value: 0
      objectReference: {fileID: 0}
    - target: {fileID: 5901779509089146167, guid: 9d66b7a4603cb784697543c253d1ef8d,
        type: 3}
      propertyPath: m_LocalRotation.y
      value: 0
      objectReference: {fileID: 0}
    - target: {fileID: 5901779509089146167, guid: 9d66b7a4603cb784697543c253d1ef8d,
        type: 3}
      propertyPath: m_LocalRotation.z
      value: 0
      objectReference: {fileID: 0}
    - target: {fileID: 5901779509089146167, guid: 9d66b7a4603cb784697543c253d1ef8d,
        type: 3}
      propertyPath: m_LocalRotation.w
      value: 1
      objectReference: {fileID: 0}
    - target: {fileID: 5901779509089146167, guid: 9d66b7a4603cb784697543c253d1ef8d,
        type: 3}
      propertyPath: m_RootOrder
      value: 16
      objectReference: {fileID: 0}
    - target: {fileID: 5901779509089146167, guid: 9d66b7a4603cb784697543c253d1ef8d,
        type: 3}
      propertyPath: m_LocalEulerAnglesHint.x
      value: 0
      objectReference: {fileID: 0}
    - target: {fileID: 5901779509089146167, guid: 9d66b7a4603cb784697543c253d1ef8d,
        type: 3}
      propertyPath: m_LocalEulerAnglesHint.y
      value: 0
      objectReference: {fileID: 0}
    - target: {fileID: 5901779509089146167, guid: 9d66b7a4603cb784697543c253d1ef8d,
        type: 3}
      propertyPath: m_LocalEulerAnglesHint.z
      value: 0
      objectReference: {fileID: 0}
    - target: {fileID: 7474863676972263204, guid: 9d66b7a4603cb784697543c253d1ef8d,
        type: 3}
      propertyPath: m_Name
      value: crystal
      objectReference: {fileID: 0}
    m_RemovedComponents: []
  m_SourcePrefab: {fileID: 100100000, guid: 9d66b7a4603cb784697543c253d1ef8d, type: 3}
--- !u!1 &223192047
GameObject:
  m_ObjectHideFlags: 0
  m_CorrespondingSourceObject: {fileID: 0}
  m_PrefabInstance: {fileID: 0}
  m_PrefabAsset: {fileID: 0}
  serializedVersion: 6
  m_Component:
  - component: {fileID: 223192048}
  - component: {fileID: 223192050}
  - component: {fileID: 223192049}
  m_Layer: 0
  m_Name: Leaves (1)
  m_TagString: Untagged
  m_Icon: {fileID: 0}
  m_NavMeshLayer: 0
  m_StaticEditorFlags: 0
  m_IsActive: 1
--- !u!4 &223192048
Transform:
  m_ObjectHideFlags: 0
  m_CorrespondingSourceObject: {fileID: 0}
  m_PrefabInstance: {fileID: 0}
  m_PrefabAsset: {fileID: 0}
  m_GameObject: {fileID: 223192047}
  m_LocalRotation: {x: 0.59657687, y: -0.552185, z: -0.49015167, w: -0.31454593}
  m_LocalPosition: {x: 0.80325085, y: 5.7863374, z: -1.7408265}
  m_LocalScale: {x: 172.22426, y: 172.22424, z: 172.22421}
  m_Children: []
  m_Father: {fileID: 743409020}
  m_RootOrder: 2
  m_LocalEulerAnglesHint: {x: 0, y: 0, z: 0}
--- !u!23 &223192049
MeshRenderer:
  m_ObjectHideFlags: 0
  m_CorrespondingSourceObject: {fileID: 0}
  m_PrefabInstance: {fileID: 0}
  m_PrefabAsset: {fileID: 0}
  m_GameObject: {fileID: 223192047}
  m_Enabled: 1
  m_CastShadows: 1
  m_ReceiveShadows: 1
  m_DynamicOccludee: 1
  m_MotionVectors: 1
  m_LightProbeUsage: 1
  m_ReflectionProbeUsage: 1
  m_RayTracingMode: 2
  m_RenderingLayerMask: 1
  m_RendererPriority: 0
  m_Materials:
  - {fileID: 2100000, guid: 0445a2e64f21c414b9d1392001c0fd1b, type: 2}
  m_StaticBatchInfo:
    firstSubMesh: 0
    subMeshCount: 0
  m_StaticBatchRoot: {fileID: 0}
  m_ProbeAnchor: {fileID: 0}
  m_LightProbeVolumeOverride: {fileID: 0}
  m_ScaleInLightmap: 1
  m_ReceiveGI: 1
  m_PreserveUVs: 0
  m_IgnoreNormalsForChartDetection: 0
  m_ImportantGI: 0
  m_StitchLightmapSeams: 1
  m_SelectedEditorRenderState: 3
  m_MinimumChartSize: 4
  m_AutoUVMaxDistance: 0.5
  m_AutoUVMaxAngle: 89
  m_LightmapParameters: {fileID: 0}
  m_SortingLayerID: 0
  m_SortingLayer: 0
  m_SortingOrder: 0
--- !u!33 &223192050
MeshFilter:
  m_ObjectHideFlags: 0
  m_CorrespondingSourceObject: {fileID: 0}
  m_PrefabInstance: {fileID: 0}
  m_PrefabAsset: {fileID: 0}
  m_GameObject: {fileID: 223192047}
  m_Mesh: {fileID: 766207002214816160, guid: 977c8ba4a02210f49836d43f062991ed, type: 3}
--- !u!1 &258469963
GameObject:
  m_ObjectHideFlags: 0
  m_CorrespondingSourceObject: {fileID: 0}
  m_PrefabInstance: {fileID: 0}
  m_PrefabAsset: {fileID: 0}
  serializedVersion: 6
  m_Component:
  - component: {fileID: 258469964}
  - component: {fileID: 258469967}
  - component: {fileID: 258469966}
  - component: {fileID: 258469965}
  m_Layer: 5
  m_Name: Quit
  m_TagString: Untagged
  m_Icon: {fileID: 0}
  m_NavMeshLayer: 0
  m_StaticEditorFlags: 0
  m_IsActive: 1
--- !u!224 &258469964
RectTransform:
  m_ObjectHideFlags: 0
  m_CorrespondingSourceObject: {fileID: 0}
  m_PrefabInstance: {fileID: 0}
  m_PrefabAsset: {fileID: 0}
  m_GameObject: {fileID: 258469963}
  m_LocalRotation: {x: 0, y: 0, z: 0, w: 1}
  m_LocalPosition: {x: 0, y: 0, z: 0}
  m_LocalScale: {x: 1, y: 1, z: 1}
  m_Children:
  - {fileID: 935078290}
  m_Father: {fileID: 1429344243}
  m_RootOrder: 2
  m_LocalEulerAnglesHint: {x: 0, y: 0, z: 0}
  m_AnchorMin: {x: 0.39981854, y: 0.16650096}
  m_AnchorMax: {x: 0.59969115, y: 0.23500001}
  m_AnchoredPosition: {x: 0.49996948, y: 0}
  m_SizeDelta: {x: 0.7999878, y: -1.2999878}
  m_Pivot: {x: 0.5, y: 0.5}
--- !u!114 &258469965
MonoBehaviour:
  m_ObjectHideFlags: 0
  m_CorrespondingSourceObject: {fileID: 0}
  m_PrefabInstance: {fileID: 0}
  m_PrefabAsset: {fileID: 0}
  m_GameObject: {fileID: 258469963}
  m_Enabled: 1
  m_EditorHideFlags: 0
  m_Script: {fileID: 11500000, guid: 4e29b1a8efbd4b44bb3f3716e73f07ff, type: 3}
  m_Name: 
  m_EditorClassIdentifier: 
  m_Navigation:
    m_Mode: 3
    m_SelectOnUp: {fileID: 0}
    m_SelectOnDown: {fileID: 0}
    m_SelectOnLeft: {fileID: 0}
    m_SelectOnRight: {fileID: 0}
  m_Transition: 1
  m_Colors:
    m_NormalColor: {r: 1, g: 1, b: 1, a: 1}
    m_HighlightedColor: {r: 0.9607843, g: 0.9607843, b: 0.9607843, a: 1}
    m_PressedColor: {r: 0.78431374, g: 0.78431374, b: 0.78431374, a: 1}
    m_SelectedColor: {r: 0.9607843, g: 0.9607843, b: 0.9607843, a: 1}
    m_DisabledColor: {r: 0.78431374, g: 0.78431374, b: 0.78431374, a: 0.5019608}
    m_ColorMultiplier: 1
    m_FadeDuration: 0.1
  m_SpriteState:
    m_HighlightedSprite: {fileID: 0}
    m_PressedSprite: {fileID: 0}
    m_SelectedSprite: {fileID: 0}
    m_DisabledSprite: {fileID: 0}
  m_AnimationTriggers:
    m_NormalTrigger: Normal
    m_HighlightedTrigger: Highlighted
    m_PressedTrigger: Pressed
    m_SelectedTrigger: Selected
    m_DisabledTrigger: Disabled
  m_Interactable: 1
  m_TargetGraphic: {fileID: 258469966}
  m_OnClick:
    m_PersistentCalls:
      m_Calls:
      - m_Target: {fileID: 455672572}
        m_MethodName: Quit
        m_Mode: 1
        m_Arguments:
          m_ObjectArgument: {fileID: 0}
          m_ObjectArgumentAssemblyTypeName: UnityEngine.Object, UnityEngine
          m_IntArgument: 0
          m_FloatArgument: 0
          m_StringArgument: 
          m_BoolArgument: 0
        m_CallState: 2
--- !u!114 &258469966
MonoBehaviour:
  m_ObjectHideFlags: 0
  m_CorrespondingSourceObject: {fileID: 0}
  m_PrefabInstance: {fileID: 0}
  m_PrefabAsset: {fileID: 0}
  m_GameObject: {fileID: 258469963}
  m_Enabled: 1
  m_EditorHideFlags: 0
  m_Script: {fileID: 11500000, guid: fe87c0e1cc204ed48ad3b37840f39efc, type: 3}
  m_Name: 
  m_EditorClassIdentifier: 
  m_Material: {fileID: 0}
  m_Color: {r: 1, g: 1, b: 1, a: 1}
  m_RaycastTarget: 1
  m_OnCullStateChanged:
    m_PersistentCalls:
      m_Calls: []
  m_Sprite: {fileID: 10905, guid: 0000000000000000f000000000000000, type: 0}
  m_Type: 1
  m_PreserveAspect: 0
  m_FillCenter: 1
  m_FillMethod: 4
  m_FillAmount: 1
  m_FillClockwise: 1
  m_FillOrigin: 0
  m_UseSpriteMesh: 0
  m_PixelsPerUnitMultiplier: 1
--- !u!222 &258469967
CanvasRenderer:
  m_ObjectHideFlags: 0
  m_CorrespondingSourceObject: {fileID: 0}
  m_PrefabInstance: {fileID: 0}
  m_PrefabAsset: {fileID: 0}
  m_GameObject: {fileID: 258469963}
  m_CullTransparentMesh: 0
--- !u!1 &312031571
GameObject:
  m_ObjectHideFlags: 0
  m_CorrespondingSourceObject: {fileID: 0}
  m_PrefabInstance: {fileID: 0}
  m_PrefabAsset: {fileID: 0}
  serializedVersion: 6
  m_Component:
  - component: {fileID: 312031572}
  - component: {fileID: 312031574}
  - component: {fileID: 312031573}
  m_Layer: 0
  m_Name: Leaves (1)
  m_TagString: Untagged
  m_Icon: {fileID: 0}
  m_NavMeshLayer: 0
  m_StaticEditorFlags: 0
  m_IsActive: 1
--- !u!4 &312031572
Transform:
  m_ObjectHideFlags: 0
  m_CorrespondingSourceObject: {fileID: 0}
  m_PrefabInstance: {fileID: 0}
  m_PrefabAsset: {fileID: 0}
  m_GameObject: {fileID: 312031571}
  m_LocalRotation: {x: 0.59657687, y: -0.552185, z: -0.49015167, w: -0.31454593}
  m_LocalPosition: {x: 0.80325085, y: 5.7863374, z: -1.7408265}
  m_LocalScale: {x: 172.22426, y: 172.22424, z: 172.22421}
  m_Children: []
  m_Father: {fileID: 66537915}
  m_RootOrder: 2
  m_LocalEulerAnglesHint: {x: 0, y: 0, z: 0}
--- !u!23 &312031573
MeshRenderer:
  m_ObjectHideFlags: 0
  m_CorrespondingSourceObject: {fileID: 0}
  m_PrefabInstance: {fileID: 0}
  m_PrefabAsset: {fileID: 0}
  m_GameObject: {fileID: 312031571}
  m_Enabled: 1
  m_CastShadows: 1
  m_ReceiveShadows: 1
  m_DynamicOccludee: 1
  m_MotionVectors: 1
  m_LightProbeUsage: 1
  m_ReflectionProbeUsage: 1
  m_RayTracingMode: 2
  m_RenderingLayerMask: 1
  m_RendererPriority: 0
  m_Materials:
  - {fileID: 2100000, guid: 0445a2e64f21c414b9d1392001c0fd1b, type: 2}
  m_StaticBatchInfo:
    firstSubMesh: 0
    subMeshCount: 0
  m_StaticBatchRoot: {fileID: 0}
  m_ProbeAnchor: {fileID: 0}
  m_LightProbeVolumeOverride: {fileID: 0}
  m_ScaleInLightmap: 1
  m_ReceiveGI: 1
  m_PreserveUVs: 0
  m_IgnoreNormalsForChartDetection: 0
  m_ImportantGI: 0
  m_StitchLightmapSeams: 1
  m_SelectedEditorRenderState: 3
  m_MinimumChartSize: 4
  m_AutoUVMaxDistance: 0.5
  m_AutoUVMaxAngle: 89
  m_LightmapParameters: {fileID: 0}
  m_SortingLayerID: 0
  m_SortingLayer: 0
  m_SortingOrder: 0
--- !u!33 &312031574
MeshFilter:
  m_ObjectHideFlags: 0
  m_CorrespondingSourceObject: {fileID: 0}
  m_PrefabInstance: {fileID: 0}
  m_PrefabAsset: {fileID: 0}
  m_GameObject: {fileID: 312031571}
  m_Mesh: {fileID: 766207002214816160, guid: 977c8ba4a02210f49836d43f062991ed, type: 3}
--- !u!1 &436261505
GameObject:
  m_ObjectHideFlags: 0
  m_CorrespondingSourceObject: {fileID: 0}
  m_PrefabInstance: {fileID: 0}
  m_PrefabAsset: {fileID: 0}
  serializedVersion: 6
  m_Component:
  - component: {fileID: 436261506}
  - component: {fileID: 436261508}
  - component: {fileID: 436261507}
  - component: {fileID: 436261509}
  m_Layer: 5
  m_Name: GameName
  m_TagString: Untagged
  m_Icon: {fileID: 0}
  m_NavMeshLayer: 0
  m_StaticEditorFlags: 0
  m_IsActive: 1
--- !u!224 &436261506
RectTransform:
  m_ObjectHideFlags: 0
  m_CorrespondingSourceObject: {fileID: 0}
  m_PrefabInstance: {fileID: 0}
  m_PrefabAsset: {fileID: 0}
  m_GameObject: {fileID: 436261505}
  m_LocalRotation: {x: 0, y: 0, z: 0, w: 1}
  m_LocalPosition: {x: 0, y: 0, z: 0}
  m_LocalScale: {x: 1, y: 1, z: 1}
  m_Children: []
  m_Father: {fileID: 1429344243}
  m_RootOrder: 0
  m_LocalEulerAnglesHint: {x: 0, y: 0, z: 0}
  m_AnchorMin: {x: 0.21129313, y: 0.6026793}
  m_AnchorMax: {x: 0.7886987, y: 0.8243397}
  m_AnchoredPosition: {x: 0.5, y: 0.5999985}
  m_SizeDelta: {x: -2.2000122, y: -0.3999939}
  m_Pivot: {x: 0.5, y: 0.5}
--- !u!114 &436261507
MonoBehaviour:
  m_ObjectHideFlags: 0
  m_CorrespondingSourceObject: {fileID: 0}
  m_PrefabInstance: {fileID: 0}
  m_PrefabAsset: {fileID: 0}
  m_GameObject: {fileID: 436261505}
  m_Enabled: 1
  m_EditorHideFlags: 0
  m_Script: {fileID: 11500000, guid: 5f7201a12d95ffc409449d95f23cf332, type: 3}
  m_Name: 
  m_EditorClassIdentifier: 
  m_Material: {fileID: 0}
  m_Color: {r: 0.19607843, g: 0.19607843, b: 0.19607843, a: 1}
  m_RaycastTarget: 1
  m_OnCullStateChanged:
    m_PersistentCalls:
      m_Calls: []
  m_FontData:
    m_Font: {fileID: 12800000, guid: e3265ab4bf004d28a9537516768c1c75, type: 3}
    m_FontSize: 59
    m_FontStyle: 1
    m_BestFit: 1
    m_MinSize: 10
    m_MaxSize: 118
    m_Alignment: 4
    m_AlignByGeometry: 0
    m_RichText: 1
    m_HorizontalOverflow: 0
    m_VerticalOverflow: 0
    m_LineSpacing: 1
  m_Text: CRYSTAL DEFENSE
--- !u!222 &436261508
CanvasRenderer:
  m_ObjectHideFlags: 0
  m_CorrespondingSourceObject: {fileID: 0}
  m_PrefabInstance: {fileID: 0}
  m_PrefabAsset: {fileID: 0}
  m_GameObject: {fileID: 436261505}
  m_CullTransparentMesh: 0
--- !u!114 &436261509
MonoBehaviour:
  m_ObjectHideFlags: 0
  m_CorrespondingSourceObject: {fileID: 0}
  m_PrefabInstance: {fileID: 0}
  m_PrefabAsset: {fileID: 0}
  m_GameObject: {fileID: 436261505}
  m_Enabled: 1
  m_EditorHideFlags: 0
  m_Script: {fileID: 11500000, guid: e19747de3f5aca642ab2be37e372fb86, type: 3}
  m_Name: 
  m_EditorClassIdentifier: 
  m_EffectColor: {r: 0.3962264, g: 0.016820924, b: 0.3724068, a: 0.5}
  m_EffectDistance: {x: 1, y: -1}
  m_UseGraphicAlpha: 1
--- !u!1 &455672571
GameObject:
  m_ObjectHideFlags: 0
  m_CorrespondingSourceObject: {fileID: 0}
  m_PrefabInstance: {fileID: 0}
  m_PrefabAsset: {fileID: 0}
  serializedVersion: 6
  m_Component:
  - component: {fileID: 455672573}
  - component: {fileID: 455672572}
  m_Layer: 0
  m_Name: MenuManager
  m_TagString: Untagged
  m_Icon: {fileID: 0}
  m_NavMeshLayer: 0
  m_StaticEditorFlags: 0
  m_IsActive: 1
--- !u!114 &455672572
MonoBehaviour:
  m_ObjectHideFlags: 0
  m_CorrespondingSourceObject: {fileID: 0}
  m_PrefabInstance: {fileID: 0}
  m_PrefabAsset: {fileID: 0}
  m_GameObject: {fileID: 455672571}
  m_Enabled: 1
  m_EditorHideFlags: 0
  m_Script: {fileID: 11500000, guid: ad5554da5401d7e4e809271ca455af9e, type: 3}
  m_Name: 
  m_EditorClassIdentifier: 
--- !u!4 &455672573
Transform:
  m_ObjectHideFlags: 0
  m_CorrespondingSourceObject: {fileID: 0}
  m_PrefabInstance: {fileID: 0}
  m_PrefabAsset: {fileID: 0}
  m_GameObject: {fileID: 455672571}
  m_LocalRotation: {x: 0, y: 0, z: 0, w: 1}
  m_LocalPosition: {x: 5.3196054, y: -5.5639267, z: -2.7594414}
  m_LocalScale: {x: 1, y: 1, z: 1}
  m_Children: []
  m_Father: {fileID: 0}
  m_RootOrder: 18
  m_LocalEulerAnglesHint: {x: 0, y: 0, z: 0}
--- !u!1001 &535881725
PrefabInstance:
  m_ObjectHideFlags: 0
  serializedVersion: 2
  m_Modification:
    m_TransformParent: {fileID: 0}
    m_Modifications:
    - target: {fileID: -4216859302048453862, guid: 977c8ba4a02210f49836d43f062991ed,
        type: 3}
      propertyPath: m_LocalPosition.x
      value: 25.466354
      objectReference: {fileID: 0}
    - target: {fileID: -4216859302048453862, guid: 977c8ba4a02210f49836d43f062991ed,
        type: 3}
      propertyPath: m_LocalPosition.y
      value: -0.26
      objectReference: {fileID: 0}
    - target: {fileID: -4216859302048453862, guid: 977c8ba4a02210f49836d43f062991ed,
        type: 3}
      propertyPath: m_LocalPosition.z
      value: 2.1511402
      objectReference: {fileID: 0}
    - target: {fileID: -4216859302048453862, guid: 977c8ba4a02210f49836d43f062991ed,
        type: 3}
      propertyPath: m_LocalRotation.x
      value: 0
      objectReference: {fileID: 0}
    - target: {fileID: -4216859302048453862, guid: 977c8ba4a02210f49836d43f062991ed,
        type: 3}
      propertyPath: m_LocalRotation.y
      value: 0
      objectReference: {fileID: 0}
    - target: {fileID: -4216859302048453862, guid: 977c8ba4a02210f49836d43f062991ed,
        type: 3}
      propertyPath: m_LocalRotation.z
      value: 0
      objectReference: {fileID: 0}
    - target: {fileID: -4216859302048453862, guid: 977c8ba4a02210f49836d43f062991ed,
        type: 3}
      propertyPath: m_LocalRotation.w
      value: 1
      objectReference: {fileID: 0}
    - target: {fileID: -4216859302048453862, guid: 977c8ba4a02210f49836d43f062991ed,
        type: 3}
      propertyPath: m_RootOrder
      value: 14
      objectReference: {fileID: 0}
    - target: {fileID: -4216859302048453862, guid: 977c8ba4a02210f49836d43f062991ed,
        type: 3}
      propertyPath: m_LocalEulerAnglesHint.x
      value: 0
      objectReference: {fileID: 0}
    - target: {fileID: -4216859302048453862, guid: 977c8ba4a02210f49836d43f062991ed,
        type: 3}
      propertyPath: m_LocalEulerAnglesHint.y
      value: 0
      objectReference: {fileID: 0}
    - target: {fileID: -4216859302048453862, guid: 977c8ba4a02210f49836d43f062991ed,
        type: 3}
      propertyPath: m_LocalEulerAnglesHint.z
      value: 0
      objectReference: {fileID: 0}
    - target: {fileID: -927199367670048503, guid: 977c8ba4a02210f49836d43f062991ed,
        type: 3}
      propertyPath: m_Name
      value: tree2
      objectReference: {fileID: 0}
    m_RemovedComponents: []
  m_SourcePrefab: {fileID: 100100000, guid: 977c8ba4a02210f49836d43f062991ed, type: 3}
--- !u!1001 &571280430
PrefabInstance:
  m_ObjectHideFlags: 0
  serializedVersion: 2
  m_Modification:
    m_TransformParent: {fileID: 0}
    m_Modifications:
    - target: {fileID: -4216859302048453862, guid: f84e386d40c4e6640844ff33b88a07fe,
        type: 3}
      propertyPath: m_LocalPosition.x
      value: -8.661199
      objectReference: {fileID: 0}
    - target: {fileID: -4216859302048453862, guid: f84e386d40c4e6640844ff33b88a07fe,
        type: 3}
      propertyPath: m_LocalPosition.y
      value: -0.23490539
      objectReference: {fileID: 0}
    - target: {fileID: -4216859302048453862, guid: f84e386d40c4e6640844ff33b88a07fe,
        type: 3}
      propertyPath: m_LocalPosition.z
      value: 0.2662546
      objectReference: {fileID: 0}
    - target: {fileID: -4216859302048453862, guid: f84e386d40c4e6640844ff33b88a07fe,
        type: 3}
      propertyPath: m_LocalRotation.x
      value: -0
      objectReference: {fileID: 0}
    - target: {fileID: -4216859302048453862, guid: f84e386d40c4e6640844ff33b88a07fe,
        type: 3}
      propertyPath: m_LocalRotation.y
      value: -0.9238809
      objectReference: {fileID: 0}
    - target: {fileID: -4216859302048453862, guid: f84e386d40c4e6640844ff33b88a07fe,
        type: 3}
      propertyPath: m_LocalRotation.z
      value: -0
      objectReference: {fileID: 0}
    - target: {fileID: -4216859302048453862, guid: f84e386d40c4e6640844ff33b88a07fe,
        type: 3}
      propertyPath: m_LocalRotation.w
      value: -0.38268033
      objectReference: {fileID: 0}
    - target: {fileID: -4216859302048453862, guid: f84e386d40c4e6640844ff33b88a07fe,
        type: 3}
      propertyPath: m_RootOrder
      value: 10
      objectReference: {fileID: 0}
    - target: {fileID: -4216859302048453862, guid: f84e386d40c4e6640844ff33b88a07fe,
        type: 3}
      propertyPath: m_LocalEulerAnglesHint.x
      value: 0
      objectReference: {fileID: 0}
    - target: {fileID: -4216859302048453862, guid: f84e386d40c4e6640844ff33b88a07fe,
        type: 3}
      propertyPath: m_LocalEulerAnglesHint.y
      value: -225
      objectReference: {fileID: 0}
    - target: {fileID: -4216859302048453862, guid: f84e386d40c4e6640844ff33b88a07fe,
        type: 3}
      propertyPath: m_LocalEulerAnglesHint.z
      value: 0
      objectReference: {fileID: 0}
    - target: {fileID: -927199367670048503, guid: f84e386d40c4e6640844ff33b88a07fe,
        type: 3}
      propertyPath: m_Name
      value: tree1 (2)
      objectReference: {fileID: 0}
    m_RemovedComponents: []
  m_SourcePrefab: {fileID: 100100000, guid: f84e386d40c4e6640844ff33b88a07fe, type: 3}
--- !u!1001 &630348151
PrefabInstance:
  m_ObjectHideFlags: 0
  serializedVersion: 2
  m_Modification:
    m_TransformParent: {fileID: 0}
    m_Modifications:
    - target: {fileID: -4216859302048453862, guid: 977c8ba4a02210f49836d43f062991ed,
        type: 3}
      propertyPath: m_LocalPosition.x
      value: 0.14491728
      objectReference: {fileID: 0}
    - target: {fileID: -4216859302048453862, guid: 977c8ba4a02210f49836d43f062991ed,
        type: 3}
      propertyPath: m_LocalPosition.y
      value: -0.26000023
      objectReference: {fileID: 0}
    - target: {fileID: -4216859302048453862, guid: 977c8ba4a02210f49836d43f062991ed,
        type: 3}
      propertyPath: m_LocalPosition.z
      value: 8.91744
      objectReference: {fileID: 0}
    - target: {fileID: -4216859302048453862, guid: 977c8ba4a02210f49836d43f062991ed,
        type: 3}
      propertyPath: m_LocalRotation.x
      value: -0
      objectReference: {fileID: 0}
    - target: {fileID: -4216859302048453862, guid: 977c8ba4a02210f49836d43f062991ed,
        type: 3}
      propertyPath: m_LocalRotation.y
      value: -0.62574244
      objectReference: {fileID: 0}
    - target: {fileID: -4216859302048453862, guid: 977c8ba4a02210f49836d43f062991ed,
        type: 3}
      propertyPath: m_LocalRotation.z
      value: -0
      objectReference: {fileID: 0}
    - target: {fileID: -4216859302048453862, guid: 977c8ba4a02210f49836d43f062991ed,
        type: 3}
      propertyPath: m_LocalRotation.w
      value: 0.7800298
      objectReference: {fileID: 0}
    - target: {fileID: -4216859302048453862, guid: 977c8ba4a02210f49836d43f062991ed,
        type: 3}
      propertyPath: m_RootOrder
      value: 1
      objectReference: {fileID: 0}
    - target: {fileID: -4216859302048453862, guid: 977c8ba4a02210f49836d43f062991ed,
        type: 3}
      propertyPath: m_LocalEulerAnglesHint.x
      value: 0
      objectReference: {fileID: 0}
    - target: {fileID: -4216859302048453862, guid: 977c8ba4a02210f49836d43f062991ed,
        type: 3}
      propertyPath: m_LocalEulerAnglesHint.y
      value: -77.47301
      objectReference: {fileID: 0}
    - target: {fileID: -4216859302048453862, guid: 977c8ba4a02210f49836d43f062991ed,
        type: 3}
      propertyPath: m_LocalEulerAnglesHint.z
      value: 0
      objectReference: {fileID: 0}
    - target: {fileID: -927199367670048503, guid: 977c8ba4a02210f49836d43f062991ed,
        type: 3}
      propertyPath: m_Name
      value: tree2 (8)
      objectReference: {fileID: 0}
    m_RemovedComponents: []
  m_SourcePrefab: {fileID: 100100000, guid: 977c8ba4a02210f49836d43f062991ed, type: 3}
--- !u!4 &743409020 stripped
Transform:
  m_CorrespondingSourceObject: {fileID: -4216859302048453862, guid: 977c8ba4a02210f49836d43f062991ed,
    type: 3}
  m_PrefabInstance: {fileID: 535881725}
  m_PrefabAsset: {fileID: 0}
--- !u!4 &749715728 stripped
Transform:
  m_CorrespondingSourceObject: {fileID: -4216859302048453862, guid: 977c8ba4a02210f49836d43f062991ed,
    type: 3}
  m_PrefabInstance: {fileID: 1442750171}
  m_PrefabAsset: {fileID: 0}
--- !u!1 &888297638
GameObject:
  m_ObjectHideFlags: 0
  m_CorrespondingSourceObject: {fileID: 0}
  m_PrefabInstance: {fileID: 0}
  m_PrefabAsset: {fileID: 0}
  serializedVersion: 6
  m_Component:
  - component: {fileID: 888297642}
  - component: {fileID: 888297641}
  - component: {fileID: 888297640}
  - component: {fileID: 888297639}
  m_Layer: 0
  m_Name: Plane
  m_TagString: Untagged
  m_Icon: {fileID: 0}
  m_NavMeshLayer: 0
  m_StaticEditorFlags: 0
  m_IsActive: 1
--- !u!64 &888297639
MeshCollider:
  m_ObjectHideFlags: 0
  m_CorrespondingSourceObject: {fileID: 0}
  m_PrefabInstance: {fileID: 0}
  m_PrefabAsset: {fileID: 0}
  m_GameObject: {fileID: 888297638}
  m_Material: {fileID: 0}
  m_IsTrigger: 0
  m_Enabled: 1
  serializedVersion: 3
  m_Convex: 0
  m_CookingOptions: 30
  m_Mesh: {fileID: 10209, guid: 0000000000000000e000000000000000, type: 0}
--- !u!23 &888297640
MeshRenderer:
  m_ObjectHideFlags: 0
  m_CorrespondingSourceObject: {fileID: 0}
  m_PrefabInstance: {fileID: 0}
  m_PrefabAsset: {fileID: 0}
  m_GameObject: {fileID: 888297638}
  m_Enabled: 1
  m_CastShadows: 1
  m_ReceiveShadows: 1
  m_DynamicOccludee: 1
  m_MotionVectors: 1
  m_LightProbeUsage: 1
  m_ReflectionProbeUsage: 1
  m_RayTracingMode: 2
  m_RenderingLayerMask: 1
  m_RendererPriority: 0
  m_Materials:
  - {fileID: 2100000, guid: 4cb4c27ae2230cf42a4594bbed2b8b0f, type: 2}
  m_StaticBatchInfo:
    firstSubMesh: 0
    subMeshCount: 0
  m_StaticBatchRoot: {fileID: 0}
  m_ProbeAnchor: {fileID: 0}
  m_LightProbeVolumeOverride: {fileID: 0}
  m_ScaleInLightmap: 1
  m_ReceiveGI: 1
  m_PreserveUVs: 0
  m_IgnoreNormalsForChartDetection: 0
  m_ImportantGI: 0
  m_StitchLightmapSeams: 1
  m_SelectedEditorRenderState: 3
  m_MinimumChartSize: 4
  m_AutoUVMaxDistance: 0.5
  m_AutoUVMaxAngle: 89
  m_LightmapParameters: {fileID: 0}
  m_SortingLayerID: 0
  m_SortingLayer: 0
  m_SortingOrder: 0
--- !u!33 &888297641
MeshFilter:
  m_ObjectHideFlags: 0
  m_CorrespondingSourceObject: {fileID: 0}
  m_PrefabInstance: {fileID: 0}
  m_PrefabAsset: {fileID: 0}
  m_GameObject: {fileID: 888297638}
  m_Mesh: {fileID: 10209, guid: 0000000000000000e000000000000000, type: 0}
--- !u!4 &888297642
Transform:
  m_ObjectHideFlags: 0
  m_CorrespondingSourceObject: {fileID: 0}
  m_PrefabInstance: {fileID: 0}
  m_PrefabAsset: {fileID: 0}
  m_GameObject: {fileID: 888297638}
  m_LocalRotation: {x: -0, y: -0.5576554, z: -0, w: 0.8300726}
  m_LocalPosition: {x: 16.6, y: 0.003148079, z: 18}
  m_LocalScale: {x: 8.631025, y: 8.631025, z: 21.505062}
  m_Children: []
  m_Father: {fileID: 0}
  m_RootOrder: 21
  m_LocalEulerAnglesHint: {x: 0, y: -67.788, z: 0}
--- !u!1001 &930061994
PrefabInstance:
  m_ObjectHideFlags: 0
  serializedVersion: 2
  m_Modification:
    m_TransformParent: {fileID: 0}
    m_Modifications:
    - target: {fileID: -4216859302048453862, guid: 01b675407ae64a8498ab2ba896e41725,
        type: 3}
      propertyPath: m_LocalPosition.x
      value: -10.52
      objectReference: {fileID: 0}
    - target: {fileID: -4216859302048453862, guid: 01b675407ae64a8498ab2ba896e41725,
        type: 3}
      propertyPath: m_LocalPosition.y
      value: -0.16131498
      objectReference: {fileID: 0}
    - target: {fileID: -4216859302048453862, guid: 01b675407ae64a8498ab2ba896e41725,
        type: 3}
      propertyPath: m_LocalPosition.z
      value: 3.11
      objectReference: {fileID: 0}
    - target: {fileID: -4216859302048453862, guid: 01b675407ae64a8498ab2ba896e41725,
        type: 3}
      propertyPath: m_LocalRotation.x
      value: -0.7071068
      objectReference: {fileID: 0}
    - target: {fileID: -4216859302048453862, guid: 01b675407ae64a8498ab2ba896e41725,
        type: 3}
      propertyPath: m_LocalRotation.y
      value: 0
      objectReference: {fileID: 0}
    - target: {fileID: -4216859302048453862, guid: 01b675407ae64a8498ab2ba896e41725,
        type: 3}
      propertyPath: m_LocalRotation.z
      value: -0
      objectReference: {fileID: 0}
    - target: {fileID: -4216859302048453862, guid: 01b675407ae64a8498ab2ba896e41725,
        type: 3}
      propertyPath: m_LocalRotation.w
      value: 0.7071067
      objectReference: {fileID: 0}
    - target: {fileID: -4216859302048453862, guid: 01b675407ae64a8498ab2ba896e41725,
        type: 3}
      propertyPath: m_RootOrder
      value: 6
      objectReference: {fileID: 0}
    - target: {fileID: -4216859302048453862, guid: 01b675407ae64a8498ab2ba896e41725,
        type: 3}
      propertyPath: m_LocalEulerAnglesHint.x
      value: 0
      objectReference: {fileID: 0}
    - target: {fileID: -4216859302048453862, guid: 01b675407ae64a8498ab2ba896e41725,
        type: 3}
      propertyPath: m_LocalEulerAnglesHint.y
      value: 0
      objectReference: {fileID: 0}
    - target: {fileID: -4216859302048453862, guid: 01b675407ae64a8498ab2ba896e41725,
        type: 3}
      propertyPath: m_LocalEulerAnglesHint.z
      value: 0
      objectReference: {fileID: 0}
    - target: {fileID: -927199367670048503, guid: 01b675407ae64a8498ab2ba896e41725,
        type: 3}
      propertyPath: m_Name
      value: rock1 (1)
      objectReference: {fileID: 0}
    m_RemovedComponents: []
  m_SourcePrefab: {fileID: 100100000, guid: 01b675407ae64a8498ab2ba896e41725, type: 3}
--- !u!1 &935078289
GameObject:
  m_ObjectHideFlags: 0
  m_CorrespondingSourceObject: {fileID: 0}
  m_PrefabInstance: {fileID: 0}
  m_PrefabAsset: {fileID: 0}
  serializedVersion: 6
  m_Component:
  - component: {fileID: 935078290}
  - component: {fileID: 935078292}
  - component: {fileID: 935078291}
  m_Layer: 5
  m_Name: Text
  m_TagString: Untagged
  m_Icon: {fileID: 0}
  m_NavMeshLayer: 0
  m_StaticEditorFlags: 0
  m_IsActive: 1
--- !u!224 &935078290
RectTransform:
  m_ObjectHideFlags: 0
  m_CorrespondingSourceObject: {fileID: 0}
  m_PrefabInstance: {fileID: 0}
  m_PrefabAsset: {fileID: 0}
  m_GameObject: {fileID: 935078289}
  m_LocalRotation: {x: -0, y: -0, z: -0, w: 1}
  m_LocalPosition: {x: 0, y: 0, z: 0}
  m_LocalScale: {x: 1, y: 1, z: 1}
  m_Children: []
  m_Father: {fileID: 258469964}
  m_RootOrder: 0
  m_LocalEulerAnglesHint: {x: 0, y: 0, z: 0}
  m_AnchorMin: {x: 0, y: 0}
  m_AnchorMax: {x: 1, y: 1}
  m_AnchoredPosition: {x: 0, y: 0}
  m_SizeDelta: {x: 0, y: 0}
  m_Pivot: {x: 0.5, y: 0.5}
--- !u!114 &935078291
MonoBehaviour:
  m_ObjectHideFlags: 0
  m_CorrespondingSourceObject: {fileID: 0}
  m_PrefabInstance: {fileID: 0}
  m_PrefabAsset: {fileID: 0}
  m_GameObject: {fileID: 935078289}
  m_Enabled: 1
  m_EditorHideFlags: 0
  m_Script: {fileID: 11500000, guid: 5f7201a12d95ffc409449d95f23cf332, type: 3}
  m_Name: 
  m_EditorClassIdentifier: 
  m_Material: {fileID: 0}
  m_Color: {r: 0.19607843, g: 0.19607843, b: 0.19607843, a: 1}
  m_RaycastTarget: 1
  m_OnCullStateChanged:
    m_PersistentCalls:
      m_Calls: []
  m_FontData:
    m_Font: {fileID: 10102, guid: 0000000000000000e000000000000000, type: 0}
    m_FontSize: 44
    m_FontStyle: 0
    m_BestFit: 1
    m_MinSize: 10
    m_MaxSize: 45
    m_Alignment: 4
    m_AlignByGeometry: 0
    m_RichText: 1
    m_HorizontalOverflow: 0
    m_VerticalOverflow: 0
    m_LineSpacing: 1
  m_Text: QUIT
--- !u!222 &935078292
CanvasRenderer:
  m_ObjectHideFlags: 0
  m_CorrespondingSourceObject: {fileID: 0}
  m_PrefabInstance: {fileID: 0}
  m_PrefabAsset: {fileID: 0}
  m_GameObject: {fileID: 935078289}
  m_CullTransparentMesh: 0
--- !u!1001 &986000502
PrefabInstance:
  m_ObjectHideFlags: 0
  serializedVersion: 2
  m_Modification:
    m_TransformParent: {fileID: 0}
    m_Modifications:
    - target: {fileID: -4216859302048453862, guid: 977c8ba4a02210f49836d43f062991ed,
        type: 3}
      propertyPath: m_LocalPosition.x
      value: -0.9603344
      objectReference: {fileID: 0}
    - target: {fileID: -4216859302048453862, guid: 977c8ba4a02210f49836d43f062991ed,
        type: 3}
      propertyPath: m_LocalPosition.y
      value: -0.26000023
      objectReference: {fileID: 0}
    - target: {fileID: -4216859302048453862, guid: 977c8ba4a02210f49836d43f062991ed,
        type: 3}
      propertyPath: m_LocalPosition.z
      value: 25.220676
      objectReference: {fileID: 0}
    - target: {fileID: -4216859302048453862, guid: 977c8ba4a02210f49836d43f062991ed,
        type: 3}
      propertyPath: m_LocalRotation.x
      value: -0
      objectReference: {fileID: 0}
    - target: {fileID: -4216859302048453862, guid: 977c8ba4a02210f49836d43f062991ed,
        type: 3}
      propertyPath: m_LocalRotation.y
      value: -0.67787844
      objectReference: {fileID: 0}
    - target: {fileID: -4216859302048453862, guid: 977c8ba4a02210f49836d43f062991ed,
        type: 3}
      propertyPath: m_LocalRotation.z
      value: -0
      objectReference: {fileID: 0}
    - target: {fileID: -4216859302048453862, guid: 977c8ba4a02210f49836d43f062991ed,
        type: 3}
      propertyPath: m_LocalRotation.w
      value: 0.7351741
      objectReference: {fileID: 0}
    - target: {fileID: -4216859302048453862, guid: 977c8ba4a02210f49836d43f062991ed,
        type: 3}
      propertyPath: m_RootOrder
      value: 8
      objectReference: {fileID: 0}
    - target: {fileID: -4216859302048453862, guid: 977c8ba4a02210f49836d43f062991ed,
        type: 3}
      propertyPath: m_LocalEulerAnglesHint.x
      value: 0
      objectReference: {fileID: 0}
    - target: {fileID: -4216859302048453862, guid: 977c8ba4a02210f49836d43f062991ed,
        type: 3}
      propertyPath: m_LocalEulerAnglesHint.y
      value: -85.356
      objectReference: {fileID: 0}
    - target: {fileID: -4216859302048453862, guid: 977c8ba4a02210f49836d43f062991ed,
        type: 3}
      propertyPath: m_LocalEulerAnglesHint.z
      value: 0
      objectReference: {fileID: 0}
    - target: {fileID: -927199367670048503, guid: 977c8ba4a02210f49836d43f062991ed,
        type: 3}
      propertyPath: m_Name
      value: tree2 (3)
      objectReference: {fileID: 0}
    m_RemovedComponents: []
  m_SourcePrefab: {fileID: 100100000, guid: 977c8ba4a02210f49836d43f062991ed, type: 3}
--- !u!4 &1035004748 stripped
Transform:
  m_CorrespondingSourceObject: {fileID: -4216859302048453862, guid: 977c8ba4a02210f49836d43f062991ed,
    type: 3}
  m_PrefabInstance: {fileID: 630348151}
  m_PrefabAsset: {fileID: 0}
--- !u!1 &1104270646
GameObject:
  m_ObjectHideFlags: 0
  m_CorrespondingSourceObject: {fileID: 0}
  m_PrefabInstance: {fileID: 0}
  m_PrefabAsset: {fileID: 0}
  serializedVersion: 6
  m_Component:
  - component: {fileID: 1104270647}
  - component: {fileID: 1104270649}
  - component: {fileID: 1104270648}
  m_Layer: 0
  m_Name: Leaves (1)
  m_TagString: Untagged
  m_Icon: {fileID: 0}
  m_NavMeshLayer: 0
  m_StaticEditorFlags: 0
  m_IsActive: 1
--- !u!4 &1104270647
Transform:
  m_ObjectHideFlags: 0
  m_CorrespondingSourceObject: {fileID: 0}
  m_PrefabInstance: {fileID: 0}
  m_PrefabAsset: {fileID: 0}
  m_GameObject: {fileID: 1104270646}
  m_LocalRotation: {x: 0.59657687, y: -0.552185, z: -0.49015167, w: -0.31454593}
  m_LocalPosition: {x: 0.80325085, y: 5.7863374, z: -1.7408265}
  m_LocalScale: {x: 172.22426, y: 172.22424, z: 172.22421}
  m_Children: []
  m_Father: {fileID: 1035004748}
  m_RootOrder: 2
  m_LocalEulerAnglesHint: {x: 0, y: 0, z: 0}
--- !u!23 &1104270648
MeshRenderer:
  m_ObjectHideFlags: 0
  m_CorrespondingSourceObject: {fileID: 0}
  m_PrefabInstance: {fileID: 0}
  m_PrefabAsset: {fileID: 0}
  m_GameObject: {fileID: 1104270646}
  m_Enabled: 1
  m_CastShadows: 1
  m_ReceiveShadows: 1
  m_DynamicOccludee: 1
  m_MotionVectors: 1
  m_LightProbeUsage: 1
  m_ReflectionProbeUsage: 1
  m_RayTracingMode: 2
  m_RenderingLayerMask: 1
  m_RendererPriority: 0
  m_Materials:
  - {fileID: 2100000, guid: 0445a2e64f21c414b9d1392001c0fd1b, type: 2}
  m_StaticBatchInfo:
    firstSubMesh: 0
    subMeshCount: 0
  m_StaticBatchRoot: {fileID: 0}
  m_ProbeAnchor: {fileID: 0}
  m_LightProbeVolumeOverride: {fileID: 0}
  m_ScaleInLightmap: 1
  m_ReceiveGI: 1
  m_PreserveUVs: 0
  m_IgnoreNormalsForChartDetection: 0
  m_ImportantGI: 0
  m_StitchLightmapSeams: 1
  m_SelectedEditorRenderState: 3
  m_MinimumChartSize: 4
  m_AutoUVMaxDistance: 0.5
  m_AutoUVMaxAngle: 89
  m_LightmapParameters: {fileID: 0}
  m_SortingLayerID: 0
  m_SortingLayer: 0
  m_SortingOrder: 0
--- !u!33 &1104270649
MeshFilter:
  m_ObjectHideFlags: 0
  m_CorrespondingSourceObject: {fileID: 0}
  m_PrefabInstance: {fileID: 0}
  m_PrefabAsset: {fileID: 0}
  m_GameObject: {fileID: 1104270646}
  m_Mesh: {fileID: 766207002214816160, guid: 977c8ba4a02210f49836d43f062991ed, type: 3}
--- !u!1001 &1160188285
PrefabInstance:
  m_ObjectHideFlags: 0
  serializedVersion: 2
  m_Modification:
    m_TransformParent: {fileID: 0}
    m_Modifications:
    - target: {fileID: -4216859302048453862, guid: 977c8ba4a02210f49836d43f062991ed,
        type: 3}
      propertyPath: m_LocalPosition.x
      value: 26.31
      objectReference: {fileID: 0}
    - target: {fileID: -4216859302048453862, guid: 977c8ba4a02210f49836d43f062991ed,
        type: 3}
      propertyPath: m_LocalPosition.y
      value: -0.26
      objectReference: {fileID: 0}
    - target: {fileID: -4216859302048453862, guid: 977c8ba4a02210f49836d43f062991ed,
        type: 3}
      propertyPath: m_LocalPosition.z
      value: -10.85
      objectReference: {fileID: 0}
    - target: {fileID: -4216859302048453862, guid: 977c8ba4a02210f49836d43f062991ed,
        type: 3}
      propertyPath: m_LocalRotation.x
      value: 0
      objectReference: {fileID: 0}
    - target: {fileID: -4216859302048453862, guid: 977c8ba4a02210f49836d43f062991ed,
        type: 3}
      propertyPath: m_LocalRotation.y
      value: 0
      objectReference: {fileID: 0}
    - target: {fileID: -4216859302048453862, guid: 977c8ba4a02210f49836d43f062991ed,
        type: 3}
      propertyPath: m_LocalRotation.z
      value: 0
      objectReference: {fileID: 0}
    - target: {fileID: -4216859302048453862, guid: 977c8ba4a02210f49836d43f062991ed,
        type: 3}
      propertyPath: m_LocalRotation.w
      value: 1
      objectReference: {fileID: 0}
    - target: {fileID: -4216859302048453862, guid: 977c8ba4a02210f49836d43f062991ed,
        type: 3}
      propertyPath: m_RootOrder
      value: 13
      objectReference: {fileID: 0}
    - target: {fileID: -4216859302048453862, guid: 977c8ba4a02210f49836d43f062991ed,
        type: 3}
      propertyPath: m_LocalEulerAnglesHint.x
      value: 0
      objectReference: {fileID: 0}
    - target: {fileID: -4216859302048453862, guid: 977c8ba4a02210f49836d43f062991ed,
        type: 3}
      propertyPath: m_LocalEulerAnglesHint.y
      value: 0
      objectReference: {fileID: 0}
    - target: {fileID: -4216859302048453862, guid: 977c8ba4a02210f49836d43f062991ed,
        type: 3}
      propertyPath: m_LocalEulerAnglesHint.z
      value: 0
      objectReference: {fileID: 0}
    - target: {fileID: -927199367670048503, guid: 977c8ba4a02210f49836d43f062991ed,
        type: 3}
      propertyPath: m_Name
      value: tree2 (1)
      objectReference: {fileID: 0}
    m_RemovedComponents: []
  m_SourcePrefab: {fileID: 100100000, guid: 977c8ba4a02210f49836d43f062991ed, type: 3}
--- !u!1001 &1173672426
PrefabInstance:
  m_ObjectHideFlags: 0
  serializedVersion: 2
  m_Modification:
    m_TransformParent: {fileID: 0}
    m_Modifications:
    - target: {fileID: -4216859302048453862, guid: 977c8ba4a02210f49836d43f062991ed,
        type: 3}
      propertyPath: m_LocalPosition.x
      value: -3.9
      objectReference: {fileID: 0}
    - target: {fileID: -4216859302048453862, guid: 977c8ba4a02210f49836d43f062991ed,
        type: 3}
      propertyPath: m_LocalPosition.y
      value: -0.26
      objectReference: {fileID: 0}
    - target: {fileID: -4216859302048453862, guid: 977c8ba4a02210f49836d43f062991ed,
        type: 3}
      propertyPath: m_LocalPosition.z
      value: 28.6
      objectReference: {fileID: 0}
    - target: {fileID: -4216859302048453862, guid: 977c8ba4a02210f49836d43f062991ed,
        type: 3}
      propertyPath: m_LocalRotation.x
      value: 0
      objectReference: {fileID: 0}
    - target: {fileID: -4216859302048453862, guid: 977c8ba4a02210f49836d43f062991ed,
        type: 3}
      propertyPath: m_LocalRotation.y
      value: 0
      objectReference: {fileID: 0}
    - target: {fileID: -4216859302048453862, guid: 977c8ba4a02210f49836d43f062991ed,
        type: 3}
      propertyPath: m_LocalRotation.z
      value: 0
      objectReference: {fileID: 0}
    - target: {fileID: -4216859302048453862, guid: 977c8ba4a02210f49836d43f062991ed,
        type: 3}
      propertyPath: m_LocalRotation.w
      value: 1
      objectReference: {fileID: 0}
    - target: {fileID: -4216859302048453862, guid: 977c8ba4a02210f49836d43f062991ed,
        type: 3}
      propertyPath: m_RootOrder
      value: 3
      objectReference: {fileID: 0}
    - target: {fileID: -4216859302048453862, guid: 977c8ba4a02210f49836d43f062991ed,
        type: 3}
      propertyPath: m_LocalEulerAnglesHint.x
      value: 0
      objectReference: {fileID: 0}
    - target: {fileID: -4216859302048453862, guid: 977c8ba4a02210f49836d43f062991ed,
        type: 3}
      propertyPath: m_LocalEulerAnglesHint.y
      value: 0
      objectReference: {fileID: 0}
    - target: {fileID: -4216859302048453862, guid: 977c8ba4a02210f49836d43f062991ed,
        type: 3}
      propertyPath: m_LocalEulerAnglesHint.z
      value: 0
      objectReference: {fileID: 0}
    - target: {fileID: -927199367670048503, guid: 977c8ba4a02210f49836d43f062991ed,
        type: 3}
      propertyPath: m_Name
      value: tree2 (6)
      objectReference: {fileID: 0}
    m_RemovedComponents: []
  m_SourcePrefab: {fileID: 100100000, guid: 977c8ba4a02210f49836d43f062991ed, type: 3}
--- !u!4 &1188832305 stripped
Transform:
  m_CorrespondingSourceObject: {fileID: -4216859302048453862, guid: 977c8ba4a02210f49836d43f062991ed,
    type: 3}
  m_PrefabInstance: {fileID: 74119852}
  m_PrefabAsset: {fileID: 0}
--- !u!1001 &1228361965
PrefabInstance:
  m_ObjectHideFlags: 0
  serializedVersion: 2
  m_Modification:
    m_TransformParent: {fileID: 0}
    m_Modifications:
    - target: {fileID: -4216859302048453862, guid: 01b675407ae64a8498ab2ba896e41725,
        type: 3}
      propertyPath: m_LocalPosition.x
      value: 19.13808
      objectReference: {fileID: 0}
    - target: {fileID: -4216859302048453862, guid: 01b675407ae64a8498ab2ba896e41725,
        type: 3}
      propertyPath: m_LocalPosition.y
      value: 0.13255177
      objectReference: {fileID: 0}
    - target: {fileID: -4216859302048453862, guid: 01b675407ae64a8498ab2ba896e41725,
        type: 3}
      propertyPath: m_LocalPosition.z
      value: 2.4304876
      objectReference: {fileID: 0}
    - target: {fileID: -4216859302048453862, guid: 01b675407ae64a8498ab2ba896e41725,
        type: 3}
      propertyPath: m_LocalRotation.x
      value: -0.7071068
      objectReference: {fileID: 0}
    - target: {fileID: -4216859302048453862, guid: 01b675407ae64a8498ab2ba896e41725,
        type: 3}
      propertyPath: m_LocalRotation.y
      value: 0
      objectReference: {fileID: 0}
    - target: {fileID: -4216859302048453862, guid: 01b675407ae64a8498ab2ba896e41725,
        type: 3}
      propertyPath: m_LocalRotation.z
      value: -0
      objectReference: {fileID: 0}
    - target: {fileID: -4216859302048453862, guid: 01b675407ae64a8498ab2ba896e41725,
        type: 3}
      propertyPath: m_LocalRotation.w
      value: 0.7071067
      objectReference: {fileID: 0}
    - target: {fileID: -4216859302048453862, guid: 01b675407ae64a8498ab2ba896e41725,
        type: 3}
      propertyPath: m_RootOrder
      value: 12
      objectReference: {fileID: 0}
    - target: {fileID: -4216859302048453862, guid: 01b675407ae64a8498ab2ba896e41725,
        type: 3}
      propertyPath: m_LocalEulerAnglesHint.x
      value: 0
      objectReference: {fileID: 0}
    - target: {fileID: -4216859302048453862, guid: 01b675407ae64a8498ab2ba896e41725,
        type: 3}
      propertyPath: m_LocalEulerAnglesHint.y
      value: 0
      objectReference: {fileID: 0}
    - target: {fileID: -4216859302048453862, guid: 01b675407ae64a8498ab2ba896e41725,
        type: 3}
      propertyPath: m_LocalEulerAnglesHint.z
      value: 0
      objectReference: {fileID: 0}
    - target: {fileID: -927199367670048503, guid: 01b675407ae64a8498ab2ba896e41725,
        type: 3}
      propertyPath: m_Name
      value: rock1
      objectReference: {fileID: 0}
    m_RemovedComponents: []
  m_SourcePrefab: {fileID: 100100000, guid: 01b675407ae64a8498ab2ba896e41725, type: 3}
--- !u!1001 &1304504617
PrefabInstance:
  m_ObjectHideFlags: 0
  serializedVersion: 2
  m_Modification:
    m_TransformParent: {fileID: 0}
    m_Modifications:
    - target: {fileID: -4216859302048453862, guid: ec47e20ff6fe2b2418890d2f00715270,
        type: 3}
      propertyPath: m_LocalPosition.x
      value: -3.2289681
      objectReference: {fileID: 0}
    - target: {fileID: -4216859302048453862, guid: ec47e20ff6fe2b2418890d2f00715270,
        type: 3}
      propertyPath: m_LocalPosition.y
      value: 0.74
      objectReference: {fileID: 0}
    - target: {fileID: -4216859302048453862, guid: ec47e20ff6fe2b2418890d2f00715270,
        type: 3}
      propertyPath: m_LocalPosition.z
      value: 14.823713
      objectReference: {fileID: 0}
    - target: {fileID: -4216859302048453862, guid: ec47e20ff6fe2b2418890d2f00715270,
        type: 3}
      propertyPath: m_LocalRotation.x
      value: -0.62516284
      objectReference: {fileID: 0}
    - target: {fileID: -4216859302048453862, guid: ec47e20ff6fe2b2418890d2f00715270,
        type: 3}
      propertyPath: m_LocalRotation.y
      value: 0.33041102
      objectReference: {fileID: 0}
    - target: {fileID: -4216859302048453862, guid: ec47e20ff6fe2b2418890d2f00715270,
        type: 3}
      propertyPath: m_LocalRotation.z
      value: 0.330411
      objectReference: {fileID: 0}
    - target: {fileID: -4216859302048453862, guid: ec47e20ff6fe2b2418890d2f00715270,
        type: 3}
      propertyPath: m_LocalRotation.w
      value: 0.62516284
      objectReference: {fileID: 0}
    - target: {fileID: -4216859302048453862, guid: ec47e20ff6fe2b2418890d2f00715270,
        type: 3}
      propertyPath: m_RootOrder
      value: 7
      objectReference: {fileID: 0}
    - target: {fileID: -4216859302048453862, guid: ec47e20ff6fe2b2418890d2f00715270,
        type: 3}
      propertyPath: m_LocalEulerAnglesHint.x
      value: -90.00001
      objectReference: {fileID: 0}
    - target: {fileID: -4216859302048453862, guid: ec47e20ff6fe2b2418890d2f00715270,
        type: 3}
      propertyPath: m_LocalEulerAnglesHint.y
      value: 0
      objectReference: {fileID: 0}
    - target: {fileID: -4216859302048453862, guid: ec47e20ff6fe2b2418890d2f00715270,
        type: 3}
      propertyPath: m_LocalEulerAnglesHint.z
      value: 55.715004
      objectReference: {fileID: 0}
    - target: {fileID: -927199367670048503, guid: ec47e20ff6fe2b2418890d2f00715270,
        type: 3}
      propertyPath: m_Name
      value: rock2
      objectReference: {fileID: 0}
    m_RemovedComponents: []
  m_SourcePrefab: {fileID: 100100000, guid: ec47e20ff6fe2b2418890d2f00715270, type: 3}
--- !u!1 &1383428089
GameObject:
  m_ObjectHideFlags: 0
  m_CorrespondingSourceObject: {fileID: 0}
  m_PrefabInstance: {fileID: 0}
  m_PrefabAsset: {fileID: 0}
  serializedVersion: 6
  m_Component:
  - component: {fileID: 1383428092}
  - component: {fileID: 1383428091}
  - component: {fileID: 1383428090}
  - component: {fileID: 1383428093}
  - component: {fileID: 1383428095}
  - component: {fileID: 1383428094}
  m_Layer: 0
  m_Name: Main Camera
  m_TagString: MainCamera
  m_Icon: {fileID: 0}
  m_NavMeshLayer: 0
  m_StaticEditorFlags: 0
  m_IsActive: 1
--- !u!81 &1383428090
AudioListener:
  m_ObjectHideFlags: 0
  m_CorrespondingSourceObject: {fileID: 0}
  m_PrefabInstance: {fileID: 0}
  m_PrefabAsset: {fileID: 0}
  m_GameObject: {fileID: 1383428089}
  m_Enabled: 1
--- !u!20 &1383428091
Camera:
  m_ObjectHideFlags: 0
  m_CorrespondingSourceObject: {fileID: 0}
  m_PrefabInstance: {fileID: 0}
  m_PrefabAsset: {fileID: 0}
  m_GameObject: {fileID: 1383428089}
  m_Enabled: 1
  serializedVersion: 2
  m_ClearFlags: 1
  m_BackGroundColor: {r: 0.19215687, g: 0.3019608, b: 0.4745098, a: 0}
  m_projectionMatrixMode: 1
  m_GateFitMode: 2
  m_FOVAxisMode: 0
  m_SensorSize: {x: 36, y: 24}
  m_LensShift: {x: 0, y: 0}
  m_FocalLength: 50
  m_NormalizedViewPortRect:
    serializedVersion: 2
    x: 0
    y: 0
    width: 1
    height: 1
  near clip plane: 0.3
  far clip plane: 1000
  field of view: 60
  orthographic: 0
  orthographic size: 28.131634
  m_Depth: -1
  m_CullingMask:
    serializedVersion: 2
    m_Bits: 4294967295
  m_RenderingPath: -1
  m_TargetTexture: {fileID: 0}
  m_TargetDisplay: 0
  m_TargetEye: 3
  m_HDR: 1
  m_AllowMSAA: 1
  m_AllowDynamicResolution: 0
  m_ForceIntoRT: 0
  m_OcclusionCulling: 1
  m_StereoConvergence: 10
  m_StereoSeparation: 0.022
--- !u!4 &1383428092
Transform:
  m_ObjectHideFlags: 0
  m_CorrespondingSourceObject: {fileID: 0}
  m_PrefabInstance: {fileID: 0}
  m_PrefabAsset: {fileID: 0}
  m_GameObject: {fileID: 1383428089}
  m_LocalRotation: {x: 0.11496437, y: -0.31432387, z: -0.038380284, w: -0.941547}
  m_LocalPosition: {x: -8.656649, y: 3.595746, z: -17.591469}
  m_LocalScale: {x: 1, y: 1, z: 1}
  m_Children: []
  m_Father: {fileID: 0}
  m_RootOrder: 0
  m_LocalEulerAnglesHint: {x: 0, y: 0, z: 0}
--- !u!114 &1383428093
MonoBehaviour:
  m_ObjectHideFlags: 0
  m_CorrespondingSourceObject: {fileID: 0}
  m_PrefabInstance: {fileID: 0}
  m_PrefabAsset: {fileID: 0}
  m_GameObject: {fileID: 1383428089}
  m_Enabled: 1
  m_EditorHideFlags: 0
  m_Script: {fileID: 11500000, guid: ed769532507918e41965d24273db9159, type: 3}
  m_Name: 
  m_EditorClassIdentifier: 
  sceneWidth: 100
--- !u!114 &1383428094
MonoBehaviour:
  m_ObjectHideFlags: 0
  m_CorrespondingSourceObject: {fileID: 0}
  m_PrefabInstance: {fileID: 0}
  m_PrefabAsset: {fileID: 0}
  m_GameObject: {fileID: 1383428089}
  m_Enabled: 1
  m_EditorHideFlags: 0
  m_Script: {fileID: 11500000, guid: 948f4100a11a5c24981795d21301da5c, type: 3}
  m_Name: 
  m_EditorClassIdentifier: 
  volumeTrigger: {fileID: 1383428092}
  volumeLayer:
    serializedVersion: 2
    m_Bits: 4294967295
  stopNaNPropagation: 1
  finalBlitToCameraTarget: 0
  antialiasingMode: 1
  temporalAntialiasing:
    jitterSpread: 0.75
    sharpness: 0.25
    stationaryBlending: 0.95
    motionBlending: 0.85
  subpixelMorphologicalAntialiasing:
    quality: 2
  fastApproximateAntialiasing:
    fastMode: 0
    keepAlpha: 0
  fog:
    enabled: 1
    excludeSkybox: 1
  debugLayer:
    lightMeter:
      width: 512
      height: 256
      showCurves: 1
    histogram:
      width: 512
      height: 256
      channel: 3
    waveform:
      exposure: 0.12
      height: 256
    vectorscope:
      size: 256
      exposure: 0.12
    overlaySettings:
      linearDepth: 0
      motionColorIntensity: 4
      motionGridSize: 64
      colorBlindnessType: 0
      colorBlindnessStrength: 1
  m_Resources: {fileID: 11400000, guid: d82512f9c8e5d4a4d938b575d47f88d4, type: 2}
  m_ShowToolkit: 0
  m_ShowCustomSorter: 0
  breakBeforeColorGrading: 0
  m_BeforeTransparentBundles: []
  m_BeforeStackBundles: []
  m_AfterStackBundles: []
--- !u!114 &1383428095
MonoBehaviour:
  m_ObjectHideFlags: 0
  m_CorrespondingSourceObject: {fileID: 0}
  m_PrefabInstance: {fileID: 0}
  m_PrefabAsset: {fileID: 0}
  m_GameObject: {fileID: 1383428089}
  m_Enabled: 1
  m_EditorHideFlags: 0
  m_Script: {fileID: 11500000, guid: 8b9a305e18de0c04dbd257a21cd47087, type: 3}
  m_Name: 
  m_EditorClassIdentifier: 
  sharedProfile: {fileID: 11400000, guid: e1f56c0f882136f40888df1300d4ea6c, type: 2}
  isGlobal: 1
  blendDistance: 0
  weight: 1
  priority: 0
--- !u!1 &1425897165
GameObject:
  m_ObjectHideFlags: 0
  m_CorrespondingSourceObject: {fileID: 0}
  m_PrefabInstance: {fileID: 0}
  m_PrefabAsset: {fileID: 0}
  serializedVersion: 6
  m_Component:
  - component: {fileID: 1425897168}
  - component: {fileID: 1425897167}
  - component: {fileID: 1425897166}
  m_Layer: 0
  m_Name: EventSystem
  m_TagString: Untagged
  m_Icon: {fileID: 0}
  m_NavMeshLayer: 0
  m_StaticEditorFlags: 0
  m_IsActive: 1
--- !u!114 &1425897166
MonoBehaviour:
  m_ObjectHideFlags: 0
  m_CorrespondingSourceObject: {fileID: 0}
  m_PrefabInstance: {fileID: 0}
  m_PrefabAsset: {fileID: 0}
  m_GameObject: {fileID: 1425897165}
  m_Enabled: 1
  m_EditorHideFlags: 0
  m_Script: {fileID: 11500000, guid: 4f231c4fb786f3946a6b90b886c48677, type: 3}
  m_Name: 
  m_EditorClassIdentifier: 
  m_HorizontalAxis: Horizontal
  m_VerticalAxis: Vertical
  m_SubmitButton: Submit
  m_CancelButton: Cancel
  m_InputActionsPerSecond: 10
  m_RepeatDelay: 0.5
  m_ForceModuleActive: 0
--- !u!114 &1425897167
MonoBehaviour:
  m_ObjectHideFlags: 0
  m_CorrespondingSourceObject: {fileID: 0}
  m_PrefabInstance: {fileID: 0}
  m_PrefabAsset: {fileID: 0}
  m_GameObject: {fileID: 1425897165}
  m_Enabled: 1
  m_EditorHideFlags: 0
  m_Script: {fileID: 11500000, guid: 76c392e42b5098c458856cdf6ecaaaa1, type: 3}
  m_Name: 
  m_EditorClassIdentifier: 
  m_FirstSelected: {fileID: 0}
  m_sendNavigationEvents: 1
  m_DragThreshold: 10
--- !u!4 &1425897168
Transform:
  m_ObjectHideFlags: 0
  m_CorrespondingSourceObject: {fileID: 0}
  m_PrefabInstance: {fileID: 0}
  m_PrefabAsset: {fileID: 0}
  m_GameObject: {fileID: 1425897165}
  m_LocalRotation: {x: 0, y: 0, z: 0, w: 1}
  m_LocalPosition: {x: 0, y: 0, z: 0}
  m_LocalScale: {x: 1, y: 1, z: 1}
  m_Children: []
  m_Father: {fileID: 0}
  m_RootOrder: 20
  m_LocalEulerAnglesHint: {x: 0, y: 0, z: 0}
--- !u!1 &1429344239
GameObject:
  m_ObjectHideFlags: 0
  m_CorrespondingSourceObject: {fileID: 0}
  m_PrefabInstance: {fileID: 0}
  m_PrefabAsset: {fileID: 0}
  serializedVersion: 6
  m_Component:
  - component: {fileID: 1429344243}
  - component: {fileID: 1429344242}
  - component: {fileID: 1429344241}
  - component: {fileID: 1429344240}
  m_Layer: 5
  m_Name: Canvas
  m_TagString: Untagged
  m_Icon: {fileID: 0}
  m_NavMeshLayer: 0
  m_StaticEditorFlags: 0
  m_IsActive: 1
--- !u!114 &1429344240
MonoBehaviour:
  m_ObjectHideFlags: 0
  m_CorrespondingSourceObject: {fileID: 0}
  m_PrefabInstance: {fileID: 0}
  m_PrefabAsset: {fileID: 0}
  m_GameObject: {fileID: 1429344239}
  m_Enabled: 1
  m_EditorHideFlags: 0
  m_Script: {fileID: 11500000, guid: dc42784cf147c0c48a680349fa168899, type: 3}
  m_Name: 
  m_EditorClassIdentifier: 
  m_IgnoreReversedGraphics: 1
  m_BlockingObjects: 0
  m_BlockingMask:
    serializedVersion: 2
    m_Bits: 4294967295
--- !u!114 &1429344241
MonoBehaviour:
  m_ObjectHideFlags: 0
  m_CorrespondingSourceObject: {fileID: 0}
  m_PrefabInstance: {fileID: 0}
  m_PrefabAsset: {fileID: 0}
  m_GameObject: {fileID: 1429344239}
  m_Enabled: 1
  m_EditorHideFlags: 0
  m_Script: {fileID: 11500000, guid: 0cd44c1031e13a943bb63640046fad76, type: 3}
  m_Name: 
  m_EditorClassIdentifier: 
  m_UiScaleMode: 0
  m_ReferencePixelsPerUnit: 100
  m_ScaleFactor: 1
  m_ReferenceResolution: {x: 800, y: 600}
  m_ScreenMatchMode: 0
  m_MatchWidthOrHeight: 0
  m_PhysicalUnit: 3
  m_FallbackScreenDPI: 96
  m_DefaultSpriteDPI: 96
  m_DynamicPixelsPerUnit: 1
--- !u!223 &1429344242
Canvas:
  m_ObjectHideFlags: 0
  m_CorrespondingSourceObject: {fileID: 0}
  m_PrefabInstance: {fileID: 0}
  m_PrefabAsset: {fileID: 0}
  m_GameObject: {fileID: 1429344239}
  m_Enabled: 1
  serializedVersion: 3
  m_RenderMode: 0
  m_Camera: {fileID: 0}
  m_PlaneDistance: 100
  m_PixelPerfect: 0
  m_ReceivesEvents: 1
  m_OverrideSorting: 0
  m_OverridePixelPerfect: 0
  m_SortingBucketNormalizedSize: 0
  m_AdditionalShaderChannelsFlag: 0
  m_SortingLayerID: 0
  m_SortingOrder: 0
  m_TargetDisplay: 0
--- !u!224 &1429344243
RectTransform:
  m_ObjectHideFlags: 0
  m_CorrespondingSourceObject: {fileID: 0}
  m_PrefabInstance: {fileID: 0}
  m_PrefabAsset: {fileID: 0}
  m_GameObject: {fileID: 1429344239}
  m_LocalRotation: {x: 0, y: 0, z: 0, w: 1}
  m_LocalPosition: {x: 0, y: 0, z: 0}
  m_LocalScale: {x: 0, y: 0, z: 0}
  m_Children:
  - {fileID: 436261506}
  - {fileID: 1756575236}
  - {fileID: 258469964}
  m_Father: {fileID: 0}
  m_RootOrder: 19
  m_LocalEulerAnglesHint: {x: 0, y: 0, z: 0}
  m_AnchorMin: {x: 0, y: 0}
  m_AnchorMax: {x: 0, y: 0}
  m_AnchoredPosition: {x: 0, y: 0}
  m_SizeDelta: {x: 0, y: 0}
  m_Pivot: {x: 0, y: 0}
--- !u!1001 &1442750171
PrefabInstance:
  m_ObjectHideFlags: 0
  serializedVersion: 2
  m_Modification:
    m_TransformParent: {fileID: 0}
    m_Modifications:
    - target: {fileID: -4216859302048453862, guid: 977c8ba4a02210f49836d43f062991ed,
        type: 3}
      propertyPath: m_LocalPosition.x
      value: -11.59
      objectReference: {fileID: 0}
    - target: {fileID: -4216859302048453862, guid: 977c8ba4a02210f49836d43f062991ed,
        type: 3}
      propertyPath: m_LocalPosition.y
      value: -0.2599999
      objectReference: {fileID: 0}
    - target: {fileID: -4216859302048453862, guid: 977c8ba4a02210f49836d43f062991ed,
        type: 3}
      propertyPath: m_LocalPosition.z
      value: 12.36
      objectReference: {fileID: 0}
    - target: {fileID: -4216859302048453862, guid: 977c8ba4a02210f49836d43f062991ed,
        type: 3}
      propertyPath: m_LocalRotation.x
      value: -0
      objectReference: {fileID: 0}
    - target: {fileID: -4216859302048453862, guid: 977c8ba4a02210f49836d43f062991ed,
        type: 3}
      propertyPath: m_LocalRotation.y
      value: -0.7243389
      objectReference: {fileID: 0}
    - target: {fileID: -4216859302048453862, guid: 977c8ba4a02210f49836d43f062991ed,
        type: 3}
      propertyPath: m_LocalRotation.z
      value: -0
      objectReference: {fileID: 0}
    - target: {fileID: -4216859302048453862, guid: 977c8ba4a02210f49836d43f062991ed,
        type: 3}
      propertyPath: m_LocalRotation.w
      value: 0.6894442
      objectReference: {fileID: 0}
    - target: {fileID: -4216859302048453862, guid: 977c8ba4a02210f49836d43f062991ed,
        type: 3}
      propertyPath: m_RootOrder
      value: 9
      objectReference: {fileID: 0}
    - target: {fileID: -4216859302048453862, guid: 977c8ba4a02210f49836d43f062991ed,
        type: 3}
      propertyPath: m_LocalEulerAnglesHint.x
      value: 0
      objectReference: {fileID: 0}
    - target: {fileID: -4216859302048453862, guid: 977c8ba4a02210f49836d43f062991ed,
        type: 3}
      propertyPath: m_LocalEulerAnglesHint.y
      value: -92.828
      objectReference: {fileID: 0}
    - target: {fileID: -4216859302048453862, guid: 977c8ba4a02210f49836d43f062991ed,
        type: 3}
      propertyPath: m_LocalEulerAnglesHint.z
      value: 0
      objectReference: {fileID: 0}
    - target: {fileID: -927199367670048503, guid: 977c8ba4a02210f49836d43f062991ed,
        type: 3}
      propertyPath: m_Name
      value: tree2 (2)
      objectReference: {fileID: 0}
    m_RemovedComponents: []
  m_SourcePrefab: {fileID: 100100000, guid: 977c8ba4a02210f49836d43f062991ed, type: 3}
--- !u!1 &1516389269
GameObject:
  m_ObjectHideFlags: 0
  m_CorrespondingSourceObject: {fileID: 0}
  m_PrefabInstance: {fileID: 0}
  m_PrefabAsset: {fileID: 0}
  serializedVersion: 6
  m_Component:
  - component: {fileID: 1516389270}
  - component: {fileID: 1516389272}
  - component: {fileID: 1516389271}
  m_Layer: 0
  m_Name: Leaves (1)
  m_TagString: Untagged
  m_Icon: {fileID: 0}
  m_NavMeshLayer: 0
  m_StaticEditorFlags: 0
  m_IsActive: 1
--- !u!4 &1516389270
Transform:
  m_ObjectHideFlags: 0
  m_CorrespondingSourceObject: {fileID: 0}
  m_PrefabInstance: {fileID: 0}
  m_PrefabAsset: {fileID: 0}
  m_GameObject: {fileID: 1516389269}
  m_LocalRotation: {x: 0.59657687, y: -0.552185, z: -0.49015167, w: -0.31454593}
  m_LocalPosition: {x: 0.80325085, y: 5.7863374, z: -1.7408265}
  m_LocalScale: {x: 172.22426, y: 172.22424, z: 172.22421}
  m_Children: []
  m_Father: {fileID: 1188832305}
  m_RootOrder: 2
  m_LocalEulerAnglesHint: {x: 0, y: 0, z: 0}
--- !u!23 &1516389271
MeshRenderer:
  m_ObjectHideFlags: 0
  m_CorrespondingSourceObject: {fileID: 0}
  m_PrefabInstance: {fileID: 0}
  m_PrefabAsset: {fileID: 0}
  m_GameObject: {fileID: 1516389269}
  m_Enabled: 1
  m_CastShadows: 1
  m_ReceiveShadows: 1
  m_DynamicOccludee: 1
  m_MotionVectors: 1
  m_LightProbeUsage: 1
  m_ReflectionProbeUsage: 1
  m_RayTracingMode: 2
  m_RenderingLayerMask: 1
  m_RendererPriority: 0
  m_Materials:
  - {fileID: 2100000, guid: 0445a2e64f21c414b9d1392001c0fd1b, type: 2}
  m_StaticBatchInfo:
    firstSubMesh: 0
    subMeshCount: 0
  m_StaticBatchRoot: {fileID: 0}
  m_ProbeAnchor: {fileID: 0}
  m_LightProbeVolumeOverride: {fileID: 0}
  m_ScaleInLightmap: 1
  m_ReceiveGI: 1
  m_PreserveUVs: 0
  m_IgnoreNormalsForChartDetection: 0
  m_ImportantGI: 0
  m_StitchLightmapSeams: 1
  m_SelectedEditorRenderState: 3
  m_MinimumChartSize: 4
  m_AutoUVMaxDistance: 0.5
  m_AutoUVMaxAngle: 89
  m_LightmapParameters: {fileID: 0}
  m_SortingLayerID: 0
  m_SortingLayer: 0
  m_SortingOrder: 0
--- !u!33 &1516389272
MeshFilter:
  m_ObjectHideFlags: 0
  m_CorrespondingSourceObject: {fileID: 0}
  m_PrefabInstance: {fileID: 0}
  m_PrefabAsset: {fileID: 0}
  m_GameObject: {fileID: 1516389269}
  m_Mesh: {fileID: 766207002214816160, guid: 977c8ba4a02210f49836d43f062991ed, type: 3}
--- !u!1001 &1555392779
PrefabInstance:
  m_ObjectHideFlags: 0
  serializedVersion: 2
  m_Modification:
    m_TransformParent: {fileID: 0}
    m_Modifications:
    - target: {fileID: -4216859302048453862, guid: 977c8ba4a02210f49836d43f062991ed,
        type: 3}
      propertyPath: m_LocalPosition.x
      value: 9.923877
      objectReference: {fileID: 0}
    - target: {fileID: -4216859302048453862, guid: 977c8ba4a02210f49836d43f062991ed,
        type: 3}
      propertyPath: m_LocalPosition.y
      value: -0.26000023
      objectReference: {fileID: 0}
    - target: {fileID: -4216859302048453862, guid: 977c8ba4a02210f49836d43f062991ed,
        type: 3}
      propertyPath: m_LocalPosition.z
      value: 16.720654
      objectReference: {fileID: 0}
    - target: {fileID: -4216859302048453862, guid: 977c8ba4a02210f49836d43f062991ed,
        type: 3}
      propertyPath: m_LocalRotation.x
      value: -0
      objectReference: {fileID: 0}
    - target: {fileID: -4216859302048453862, guid: 977c8ba4a02210f49836d43f062991ed,
        type: 3}
      propertyPath: m_LocalRotation.y
      value: -0.9615483
      objectReference: {fileID: 0}
    - target: {fileID: -4216859302048453862, guid: 977c8ba4a02210f49836d43f062991ed,
        type: 3}
      propertyPath: m_LocalRotation.z
      value: -0
      objectReference: {fileID: 0}
    - target: {fileID: -4216859302048453862, guid: 977c8ba4a02210f49836d43f062991ed,
        type: 3}
      propertyPath: m_LocalRotation.w
      value: 0.27463588
      objectReference: {fileID: 0}
    - target: {fileID: -4216859302048453862, guid: 977c8ba4a02210f49836d43f062991ed,
        type: 3}
      propertyPath: m_RootOrder
      value: 5
      objectReference: {fileID: 0}
    - target: {fileID: -4216859302048453862, guid: 977c8ba4a02210f49836d43f062991ed,
        type: 3}
      propertyPath: m_LocalEulerAnglesHint.x
      value: 0
      objectReference: {fileID: 0}
    - target: {fileID: -4216859302048453862, guid: 977c8ba4a02210f49836d43f062991ed,
        type: 3}
      propertyPath: m_LocalEulerAnglesHint.y
      value: -148.119
      objectReference: {fileID: 0}
    - target: {fileID: -4216859302048453862, guid: 977c8ba4a02210f49836d43f062991ed,
        type: 3}
      propertyPath: m_LocalEulerAnglesHint.z
      value: 0
      objectReference: {fileID: 0}
    - target: {fileID: -927199367670048503, guid: 977c8ba4a02210f49836d43f062991ed,
        type: 3}
      propertyPath: m_Name
      value: tree2 (4)
      objectReference: {fileID: 0}
    m_RemovedComponents: []
  m_SourcePrefab: {fileID: 100100000, guid: 977c8ba4a02210f49836d43f062991ed, type: 3}
--- !u!1001 &1724450681
PrefabInstance:
  m_ObjectHideFlags: 0
  serializedVersion: 2
  m_Modification:
    m_TransformParent: {fileID: 0}
    m_Modifications:
    - target: {fileID: -4216859302048453862, guid: 977c8ba4a02210f49836d43f062991ed,
        type: 3}
      propertyPath: m_LocalPosition.x
      value: 10.77699
      objectReference: {fileID: 0}
    - target: {fileID: -4216859302048453862, guid: 977c8ba4a02210f49836d43f062991ed,
        type: 3}
      propertyPath: m_LocalPosition.y
      value: -0.26000023
      objectReference: {fileID: 0}
    - target: {fileID: -4216859302048453862, guid: 977c8ba4a02210f49836d43f062991ed,
        type: 3}
      propertyPath: m_LocalPosition.z
      value: 28.881254
      objectReference: {fileID: 0}
    - target: {fileID: -4216859302048453862, guid: 977c8ba4a02210f49836d43f062991ed,
        type: 3}
      propertyPath: m_LocalRotation.x
      value: -0
      objectReference: {fileID: 0}
    - target: {fileID: -4216859302048453862, guid: 977c8ba4a02210f49836d43f062991ed,
        type: 3}
      propertyPath: m_LocalRotation.y
      value: -0.5975004
      objectReference: {fileID: 0}
    - target: {fileID: -4216859302048453862, guid: 977c8ba4a02210f49836d43f062991ed,
        type: 3}
      propertyPath: m_LocalRotation.z
      value: -0
      objectReference: {fileID: 0}
    - target: {fileID: -4216859302048453862, guid: 977c8ba4a02210f49836d43f062991ed,
        type: 3}
      propertyPath: m_LocalRotation.w
      value: -0.8018686
      objectReference: {fileID: 0}
    - target: {fileID: -4216859302048453862, guid: 977c8ba4a02210f49836d43f062991ed,
        type: 3}
      propertyPath: m_RootOrder
      value: 4
      objectReference: {fileID: 0}
    - target: {fileID: -4216859302048453862, guid: 977c8ba4a02210f49836d43f062991ed,
        type: 3}
      propertyPath: m_LocalEulerAnglesHint.x
      value: 0
      objectReference: {fileID: 0}
    - target: {fileID: -4216859302048453862, guid: 977c8ba4a02210f49836d43f062991ed,
        type: 3}
      propertyPath: m_LocalEulerAnglesHint.y
      value: -286.61798
      objectReference: {fileID: 0}
    - target: {fileID: -4216859302048453862, guid: 977c8ba4a02210f49836d43f062991ed,
        type: 3}
      propertyPath: m_LocalEulerAnglesHint.z
      value: 0
      objectReference: {fileID: 0}
    - target: {fileID: -927199367670048503, guid: 977c8ba4a02210f49836d43f062991ed,
        type: 3}
      propertyPath: m_Name
      value: tree2 (5)
      objectReference: {fileID: 0}
    m_RemovedComponents: []
  m_SourcePrefab: {fileID: 100100000, guid: 977c8ba4a02210f49836d43f062991ed, type: 3}
--- !u!1 &1756575235
GameObject:
  m_ObjectHideFlags: 0
  m_CorrespondingSourceObject: {fileID: 0}
  m_PrefabInstance: {fileID: 0}
  m_PrefabAsset: {fileID: 0}
  serializedVersion: 6
  m_Component:
  - component: {fileID: 1756575236}
  - component: {fileID: 1756575239}
  - component: {fileID: 1756575238}
  - component: {fileID: 1756575237}
  m_Layer: 5
  m_Name: Start
  m_TagString: Untagged
  m_Icon: {fileID: 0}
  m_NavMeshLayer: 0
  m_StaticEditorFlags: 0
  m_IsActive: 1
--- !u!224 &1756575236
RectTransform:
  m_ObjectHideFlags: 0
  m_CorrespondingSourceObject: {fileID: 0}
  m_PrefabInstance: {fileID: 0}
  m_PrefabAsset: {fileID: 0}
  m_GameObject: {fileID: 1756575235}
  m_LocalRotation: {x: 0, y: 0, z: 0, w: 1}
  m_LocalPosition: {x: 0, y: 0, z: 0}
  m_LocalScale: {x: 1, y: 1, z: 1}
  m_Children:
  - {fileID: 1924503616}
  m_Father: {fileID: 1429344243}
  m_RootOrder: 1
  m_LocalEulerAnglesHint: {x: 0, y: 0, z: 0}
  m_AnchorMin: {x: 0.39981854, y: 0.286}
  m_AnchorMax: {x: 0.59969115, y: 0.35200003}
  m_AnchoredPosition: {x: 0.49996948, y: -0.5}
  m_SizeDelta: {x: 0.7999878, y: 0.69999695}
  m_Pivot: {x: 0.5, y: 0.5}
--- !u!114 &1756575237
MonoBehaviour:
  m_ObjectHideFlags: 0
  m_CorrespondingSourceObject: {fileID: 0}
  m_PrefabInstance: {fileID: 0}
  m_PrefabAsset: {fileID: 0}
  m_GameObject: {fileID: 1756575235}
  m_Enabled: 1
  m_EditorHideFlags: 0
  m_Script: {fileID: 11500000, guid: 4e29b1a8efbd4b44bb3f3716e73f07ff, type: 3}
  m_Name: 
  m_EditorClassIdentifier: 
  m_Navigation:
    m_Mode: 3
    m_SelectOnUp: {fileID: 0}
    m_SelectOnDown: {fileID: 0}
    m_SelectOnLeft: {fileID: 0}
    m_SelectOnRight: {fileID: 0}
  m_Transition: 1
  m_Colors:
    m_NormalColor: {r: 1, g: 1, b: 1, a: 1}
    m_HighlightedColor: {r: 0.9607843, g: 0.9607843, b: 0.9607843, a: 1}
    m_PressedColor: {r: 0.78431374, g: 0.78431374, b: 0.78431374, a: 1}
    m_SelectedColor: {r: 0.9607843, g: 0.9607843, b: 0.9607843, a: 1}
    m_DisabledColor: {r: 0.78431374, g: 0.78431374, b: 0.78431374, a: 0.5019608}
    m_ColorMultiplier: 1
    m_FadeDuration: 0.1
  m_SpriteState:
    m_HighlightedSprite: {fileID: 0}
    m_PressedSprite: {fileID: 0}
    m_SelectedSprite: {fileID: 0}
    m_DisabledSprite: {fileID: 0}
  m_AnimationTriggers:
    m_NormalTrigger: Normal
    m_HighlightedTrigger: Highlighted
    m_PressedTrigger: Pressed
    m_SelectedTrigger: Selected
    m_DisabledTrigger: Disabled
  m_Interactable: 1
  m_TargetGraphic: {fileID: 1756575238}
  m_OnClick:
    m_PersistentCalls:
      m_Calls:
      - m_Target: {fileID: 455672572}
        m_MethodName: StartGame
        m_Mode: 1
        m_Arguments:
          m_ObjectArgument: {fileID: 0}
          m_ObjectArgumentAssemblyTypeName: UnityEngine.Object, UnityEngine
          m_IntArgument: 0
          m_FloatArgument: 0
          m_StringArgument: 
          m_BoolArgument: 0
        m_CallState: 2
--- !u!114 &1756575238
MonoBehaviour:
  m_ObjectHideFlags: 0
  m_CorrespondingSourceObject: {fileID: 0}
  m_PrefabInstance: {fileID: 0}
  m_PrefabAsset: {fileID: 0}
  m_GameObject: {fileID: 1756575235}
  m_Enabled: 1
  m_EditorHideFlags: 0
  m_Script: {fileID: 11500000, guid: fe87c0e1cc204ed48ad3b37840f39efc, type: 3}
  m_Name: 
  m_EditorClassIdentifier: 
  m_Material: {fileID: 0}
  m_Color: {r: 1, g: 1, b: 1, a: 1}
  m_RaycastTarget: 1
  m_OnCullStateChanged:
    m_PersistentCalls:
      m_Calls: []
  m_Sprite: {fileID: 10905, guid: 0000000000000000f000000000000000, type: 0}
  m_Type: 1
  m_PreserveAspect: 0
  m_FillCenter: 1
  m_FillMethod: 4
  m_FillAmount: 1
  m_FillClockwise: 1
  m_FillOrigin: 0
  m_UseSpriteMesh: 0
  m_PixelsPerUnitMultiplier: 1
--- !u!222 &1756575239
CanvasRenderer:
  m_ObjectHideFlags: 0
  m_CorrespondingSourceObject: {fileID: 0}
  m_PrefabInstance: {fileID: 0}
  m_PrefabAsset: {fileID: 0}
  m_GameObject: {fileID: 1756575235}
  m_CullTransparentMesh: 0
--- !u!1 &1761970430
GameObject:
  m_ObjectHideFlags: 0
  m_CorrespondingSourceObject: {fileID: 0}
  m_PrefabInstance: {fileID: 0}
  m_PrefabAsset: {fileID: 0}
  serializedVersion: 6
  m_Component:
  - component: {fileID: 1761970432}
  - component: {fileID: 1761970431}
  m_Layer: 0
  m_Name: Directional Light
  m_TagString: Untagged
  m_Icon: {fileID: 0}
  m_NavMeshLayer: 0
  m_StaticEditorFlags: 0
  m_IsActive: 1
--- !u!108 &1761970431
Light:
  m_ObjectHideFlags: 0
  m_CorrespondingSourceObject: {fileID: 0}
  m_PrefabInstance: {fileID: 0}
  m_PrefabAsset: {fileID: 0}
  m_GameObject: {fileID: 1761970430}
  m_Enabled: 1
  serializedVersion: 10
  m_Type: 1
  m_Shape: 0
  m_Color: {r: 1, g: 0.95686275, b: 0.8392157, a: 1}
  m_Intensity: 2
  m_Range: 10
  m_SpotAngle: 30
  m_InnerSpotAngle: 21.80208
  m_CookieSize: 10
  m_Shadows:
    m_Type: 2
    m_Resolution: -1
    m_CustomResolution: -1
    m_Strength: 1
    m_Bias: 0.05
    m_NormalBias: 0.4
    m_NearPlane: 0.2
    m_CullingMatrixOverride:
      e00: 1
      e01: 0
      e02: 0
      e03: 0
      e10: 0
      e11: 1
      e12: 0
      e13: 0
      e20: 0
      e21: 0
      e22: 1
      e23: 0
      e30: 0
      e31: 0
      e32: 0
      e33: 1
    m_UseCullingMatrixOverride: 0
  m_Cookie: {fileID: 0}
  m_DrawHalo: 0
  m_Flare: {fileID: 0}
  m_RenderMode: 0
  m_CullingMask:
    serializedVersion: 2
    m_Bits: 4294967295
  m_RenderingLayerMask: 1
  m_Lightmapping: 4
  m_LightShadowCasterMode: 0
  m_AreaSize: {x: 1, y: 1}
  m_BounceIntensity: 1
  m_ColorTemperature: 6570
  m_UseColorTemperature: 0
  m_BoundingSphereOverride: {x: 0, y: 0, z: 0, w: 0}
  m_UseBoundingSphereOverride: 0
  m_ShadowRadius: 0
  m_ShadowAngle: 0
--- !u!4 &1761970432
Transform:
  m_ObjectHideFlags: 0
  m_CorrespondingSourceObject: {fileID: 0}
  m_PrefabInstance: {fileID: 0}
  m_PrefabAsset: {fileID: 0}
  m_GameObject: {fileID: 1761970430}
  m_LocalRotation: {x: 0.4080359, y: 0.23602088, z: -0.11005833, w: 0.87503594}
  m_LocalPosition: {x: 0, y: 3, z: 0}
  m_LocalScale: {x: 1, y: 1, z: 1}
  m_Children: []
  m_Father: {fileID: 0}
  m_RootOrder: 17
  m_LocalEulerAnglesHint: {x: 50, y: 30.19, z: 0}
--- !u!1001 &1877586116
PrefabInstance:
  m_ObjectHideFlags: 0
  serializedVersion: 2
  m_Modification:
    m_TransformParent: {fileID: 0}
    m_Modifications:
    - target: {fileID: -4216859302048453862, guid: f84e386d40c4e6640844ff33b88a07fe,
        type: 3}
      propertyPath: m_LocalPosition.x
      value: 14.069416
      objectReference: {fileID: 0}
    - target: {fileID: -4216859302048453862, guid: f84e386d40c4e6640844ff33b88a07fe,
        type: 3}
      propertyPath: m_LocalPosition.y
      value: -0.23490544
      objectReference: {fileID: 0}
    - target: {fileID: -4216859302048453862, guid: f84e386d40c4e6640844ff33b88a07fe,
        type: 3}
      propertyPath: m_LocalPosition.z
      value: 0.46943665
      objectReference: {fileID: 0}
    - target: {fileID: -4216859302048453862, guid: f84e386d40c4e6640844ff33b88a07fe,
        type: 3}
      propertyPath: m_LocalRotation.x
      value: 0
      objectReference: {fileID: 0}
    - target: {fileID: -4216859302048453862, guid: f84e386d40c4e6640844ff33b88a07fe,
        type: 3}
      propertyPath: m_LocalRotation.y
      value: 0
      objectReference: {fileID: 0}
    - target: {fileID: -4216859302048453862, guid: f84e386d40c4e6640844ff33b88a07fe,
        type: 3}
      propertyPath: m_LocalRotation.z
      value: 0
      objectReference: {fileID: 0}
    - target: {fileID: -4216859302048453862, guid: f84e386d40c4e6640844ff33b88a07fe,
        type: 3}
      propertyPath: m_LocalRotation.w
      value: 1
      objectReference: {fileID: 0}
    - target: {fileID: -4216859302048453862, guid: f84e386d40c4e6640844ff33b88a07fe,
        type: 3}
      propertyPath: m_RootOrder
      value: 15
      objectReference: {fileID: 0}
    - target: {fileID: -4216859302048453862, guid: f84e386d40c4e6640844ff33b88a07fe,
        type: 3}
      propertyPath: m_LocalEulerAnglesHint.x
      value: 0
      objectReference: {fileID: 0}
    - target: {fileID: -4216859302048453862, guid: f84e386d40c4e6640844ff33b88a07fe,
        type: 3}
      propertyPath: m_LocalEulerAnglesHint.y
      value: 0
      objectReference: {fileID: 0}
    - target: {fileID: -4216859302048453862, guid: f84e386d40c4e6640844ff33b88a07fe,
        type: 3}
      propertyPath: m_LocalEulerAnglesHint.z
      value: 0
      objectReference: {fileID: 0}
    - target: {fileID: -927199367670048503, guid: f84e386d40c4e6640844ff33b88a07fe,
        type: 3}
      propertyPath: m_Name
      value: tree1
      objectReference: {fileID: 0}
    m_RemovedComponents: []
  m_SourcePrefab: {fileID: 100100000, guid: f84e386d40c4e6640844ff33b88a07fe, type: 3}
--- !u!1 &1924503615
GameObject:
  m_ObjectHideFlags: 0
  m_CorrespondingSourceObject: {fileID: 0}
  m_PrefabInstance: {fileID: 0}
  m_PrefabAsset: {fileID: 0}
  serializedVersion: 6
  m_Component:
  - component: {fileID: 1924503616}
  - component: {fileID: 1924503618}
  - component: {fileID: 1924503617}
  m_Layer: 5
  m_Name: Text
  m_TagString: Untagged
  m_Icon: {fileID: 0}
  m_NavMeshLayer: 0
  m_StaticEditorFlags: 0
  m_IsActive: 1
--- !u!224 &1924503616
RectTransform:
  m_ObjectHideFlags: 0
  m_CorrespondingSourceObject: {fileID: 0}
  m_PrefabInstance: {fileID: 0}
  m_PrefabAsset: {fileID: 0}
  m_GameObject: {fileID: 1924503615}
  m_LocalRotation: {x: -0, y: -0, z: -0, w: 1}
  m_LocalPosition: {x: 0, y: 0, z: 0}
  m_LocalScale: {x: 1, y: 1, z: 1}
  m_Children: []
  m_Father: {fileID: 1756575236}
  m_RootOrder: 0
  m_LocalEulerAnglesHint: {x: 0, y: 0, z: 0}
  m_AnchorMin: {x: 0, y: 0}
  m_AnchorMax: {x: 1, y: 1}
  m_AnchoredPosition: {x: 0, y: 0}
  m_SizeDelta: {x: 0, y: 0}
  m_Pivot: {x: 0.5, y: 0.5}
--- !u!114 &1924503617
MonoBehaviour:
  m_ObjectHideFlags: 0
  m_CorrespondingSourceObject: {fileID: 0}
  m_PrefabInstance: {fileID: 0}
  m_PrefabAsset: {fileID: 0}
  m_GameObject: {fileID: 1924503615}
  m_Enabled: 1
  m_EditorHideFlags: 0
  m_Script: {fileID: 11500000, guid: 5f7201a12d95ffc409449d95f23cf332, type: 3}
  m_Name: 
  m_EditorClassIdentifier: 
  m_Material: {fileID: 0}
  m_Color: {r: 0.19607843, g: 0.19607843, b: 0.19607843, a: 1}
  m_RaycastTarget: 1
  m_OnCullStateChanged:
    m_PersistentCalls:
      m_Calls: []
  m_FontData:
    m_Font: {fileID: 10102, guid: 0000000000000000e000000000000000, type: 0}
    m_FontSize: 44
    m_FontStyle: 0
    m_BestFit: 1
    m_MinSize: 10
    m_MaxSize: 45
    m_Alignment: 4
    m_AlignByGeometry: 0
    m_RichText: 1
    m_HorizontalOverflow: 0
    m_VerticalOverflow: 0
    m_LineSpacing: 1
  m_Text: START
--- !u!222 &1924503618
CanvasRenderer:
  m_ObjectHideFlags: 0
  m_CorrespondingSourceObject: {fileID: 0}
  m_PrefabInstance: {fileID: 0}
  m_PrefabAsset: {fileID: 0}
  m_GameObject: {fileID: 1924503615}
  m_CullTransparentMesh: 0
--- !u!1 &2062141712
GameObject:
  m_ObjectHideFlags: 0
  m_CorrespondingSourceObject: {fileID: 0}
  m_PrefabInstance: {fileID: 0}
  m_PrefabAsset: {fileID: 0}
  serializedVersion: 6
  m_Component:
  - component: {fileID: 2062141713}
  - component: {fileID: 2062141715}
  - component: {fileID: 2062141714}
  m_Layer: 0
  m_Name: Leaves (1)
  m_TagString: Untagged
  m_Icon: {fileID: 0}
  m_NavMeshLayer: 0
  m_StaticEditorFlags: 0
  m_IsActive: 1
--- !u!4 &2062141713
Transform:
  m_ObjectHideFlags: 0
  m_CorrespondingSourceObject: {fileID: 0}
  m_PrefabInstance: {fileID: 0}
  m_PrefabAsset: {fileID: 0}
  m_GameObject: {fileID: 2062141712}
  m_LocalRotation: {x: 0.59657687, y: -0.552185, z: -0.49015167, w: -0.31454593}
  m_LocalPosition: {x: 0.80325085, y: 5.7863374, z: -1.7408265}
  m_LocalScale: {x: 172.22426, y: 172.22424, z: 172.22421}
  m_Children: []
  m_Father: {fileID: 749715728}
  m_RootOrder: 2
  m_LocalEulerAnglesHint: {x: 0, y: 0, z: 0}
--- !u!23 &2062141714
MeshRenderer:
  m_ObjectHideFlags: 0
  m_CorrespondingSourceObject: {fileID: 0}
  m_PrefabInstance: {fileID: 0}
  m_PrefabAsset: {fileID: 0}
  m_GameObject: {fileID: 2062141712}
  m_Enabled: 1
  m_CastShadows: 1
  m_ReceiveShadows: 1
  m_DynamicOccludee: 1
  m_MotionVectors: 1
  m_LightProbeUsage: 1
  m_ReflectionProbeUsage: 1
  m_RayTracingMode: 2
  m_RenderingLayerMask: 1
  m_RendererPriority: 0
  m_Materials:
  - {fileID: 2100000, guid: 0445a2e64f21c414b9d1392001c0fd1b, type: 2}
  m_StaticBatchInfo:
    firstSubMesh: 0
    subMeshCount: 0
  m_StaticBatchRoot: {fileID: 0}
  m_ProbeAnchor: {fileID: 0}
  m_LightProbeVolumeOverride: {fileID: 0}
  m_ScaleInLightmap: 1
  m_ReceiveGI: 1
  m_PreserveUVs: 0
  m_IgnoreNormalsForChartDetection: 0
  m_ImportantGI: 0
  m_StitchLightmapSeams: 1
  m_SelectedEditorRenderState: 3
  m_MinimumChartSize: 4
  m_AutoUVMaxDistance: 0.5
  m_AutoUVMaxAngle: 89
  m_LightmapParameters: {fileID: 0}
  m_SortingLayerID: 0
  m_SortingLayer: 0
  m_SortingOrder: 0
--- !u!33 &2062141715
MeshFilter:
  m_ObjectHideFlags: 0
  m_CorrespondingSourceObject: {fileID: 0}
  m_PrefabInstance: {fileID: 0}
  m_PrefabAsset: {fileID: 0}
  m_GameObject: {fileID: 2062141712}
  m_Mesh: {fileID: 766207002214816160, guid: 977c8ba4a02210f49836d43f062991ed, type: 3}
